Time,Instrument,Operation,OrderId,Side,Volume,Price,Lifespan
0,0,Insert,177349435,B,1000,1469,G
0,0,Insert,177349439,A,8000,1470,G
0,0,Insert,177349467,A,3000,1472,G
0,0,Insert,177349475,A,2000,1471,G
0,0,Insert,177349487,A,2000,1816,G
0,0,Cancel,177349435,,,,G
0,0,Insert,177349499,B,1000,1469,G
0,0,Insert,177349503,A,1000,1470,G
0,0,Cancel,177349467,,,,G
0,0,Cancel,177349499,,,,G
0,0,Insert,177349687,A,2000,1473,G
0,0,Insert,177349767,A,1000,1520,G
0,0,Cancel,177349439,,,,G
0,0,Insert,177349831,A,400,1470,G
0,0,Insert,177349855,B,1000,1466,G
0,0,Cancel,177349855,,,,G
0,0,Insert,177350607,A,8000,1470,G
0,0,Insert,177350623,B,1000,1454,G
0,0,Cancel,177350607,,,,G
0,0,Insert,177351455,B,1000,1469,G
0,0,Insert,177351459,B,1000,1469,G
0,0,Insert,177351463,B,1000,1466,G
0,0,Cancel,177349831,,,,G
0,0,Insert,177351471,A,400,1471,G
0,0,Cancel,177351455,,,,G
0,0,Cancel,177349687,,,,G
0,0,Insert,177351487,B,1000,1469,G
0,0,Insert,177351575,B,1000,1469,G
0,0,Cancel,177349503,,,,G
0,0,Insert,177351587,B,1000,1469,G
0,0,Insert,177351591,A,1000,1471,G
0,0,Insert,177351611,A,1000,1474,G
0,0,Cancel,177349487,,,,G
0,0,Insert,177351615,A,2000,1817,G
0,0,Insert,177351619,A,2000,1480,G
0,0,Insert,177351691,A,1000,1472,G
0,0,Cancel,177351575,,,,G
0,0,Cancel,177351587,,,,G
0,0,Cancel,177351487,,,,G
0,0,Cancel,177351463,,,,G
0,0,Insert,177351811,B,1000,1469,G
0,0,Insert,177351831,B,1000,1466,G
0,0,Insert,177351991,A,8000,1470,G
0,0,Cancel,177351811,,,,G
0,0,Insert,177351999,A,3000,1473,G
0,0,Cancel,177351471,,,,G
0,0,Cancel,177351615,,,,G
0,0,Insert,177352007,A,2000,1816,G
0,0,Cancel,177351611,,,,G
0,0,Cancel,177351619,,,,G
0,0,Insert,177352015,B,1000,1469,G
0,0,Cancel,177351991,,,,G
0,0,Insert,177352047,A,2000,1480,G
0,0,Insert,177352055,A,1000,1474,G
0,0,Insert,177352123,A,1000,1485,G
0,0,Cancel,177352007,,,,G
0,0,Insert,177352127,A,2000,1817,G
0,0,Cancel,177351691,,,,G
0,0,Insert,177352303,B,8000,1469,G
0,0,Insert,177352347,A,1000,1472,G
0,0,Insert,177352391,A,400,1471,G
0,0,Cancel,177352123,,,,G
0,0,Insert,177352479,B,1000,1469,G
0,0,Insert,177352535,B,1000,1469,G
0,0,Insert,177352539,B,1000,1469,G
0,0,Cancel,177349475,,,,G
0,0,Cancel,177350623,,,,G
0,0,Insert,177352591,A,1000,1472,G
0,0,Cancel,177352591,,,,G
0,0,Insert,177352959,A,1000,1472,G
0,0,Cancel,177352959,,,,G
0,0,Insert,177353207,A,2000,1472,G
0,0,Cancel,177352391,,,,G
0,0,Cancel,177351999,,,,G
0,0,Insert,177353235,A,400,1472,G
0,0,Insert,177353271,B,2000,1130,G
0,0,Cancel,177353271,,,,G
0,0,Insert,177353279,B,2000,1129,G
0,0,Cancel,177353279,,,,G
0,0,Insert,177353287,B,2000,1130,G
0,0,Insert,177353291,B,1000,1463,G
0,0,Cancel,177353287,,,,G
0,0,Insert,177353295,B,2000,1129,G
0,0,Cancel,177353291,,,,G
0,0,Insert,177353307,B,1000,1463,G
0,0,Cancel,177353295,,,,G
0,0,Insert,177353315,B,2000,1130,G
0,0,Cancel,177353315,,,,G
0,0,Insert,177353319,B,2000,1129,G
0,0,Cancel,177353319,,,,G
0,0,Insert,177353323,B,2000,1130,G
0,0,Cancel,177353323,,,,G
0,0,Insert,177353327,B,2000,1129,G
0,0,Cancel,177353307,,,,G
0,0,Insert,177353359,B,1000,1463,G
0,0,Cancel,177353327,,,,G
0,0,Insert,177353403,B,2000,1130,G
0,0,Cancel,177353403,,,,G
0,0,Insert,177353407,B,2000,1129,G
0,0,Cancel,177353407,,,,G
0,0,Insert,177353423,B,2000,1130,G
0.029821,1,Insert,7028062,A,10000,1476,G
0.029821,1,Insert,7028063,B,10000,1464,G
0.152811,0,Cancel,177353423,,,,G
0.152811,0,Insert,177353443,B,2000,1129,G
0.152859,0,Cancel,177353443,,,,G
0.152859,0,Insert,177353451,B,2000,1130,G
0.152939,0,Cancel,177353451,,,,G
0.152939,0,Insert,177353455,B,2000,1129,G
0.152939,0,Cancel,177353359,,,,G
0.153042,0,Insert,177353463,B,1000,1463,G
0.153497,0,Cancel,177353455,,,,G
0.153497,0,Insert,177353483,B,2000,1130,G
0.153542,0,Cancel,177353483,,,,G
0.153542,0,Insert,177353487,B,2000,1129,G
0.153585,0,Cancel,177353487,,,,G
0.153585,0,Insert,177353491,B,2000,1130,G
0.153631,0,Cancel,177353491,,,,G
0.153631,0,Insert,177353495,B,2000,1129,G
0.153685,0,Cancel,177353495,,,,G
0.153685,0,Insert,177353499,B,2000,1130,G
0.153728,0,Cancel,177353499,,,,G
0.153728,0,Insert,177353503,B,2000,1129,G
0.153769,0,Cancel,177353463,,,,G
0.153773,0,Cancel,177353503,,,,G
0.153773,0,Insert,177353511,B,2000,1130,G
0.153817,0,Cancel,177353511,,,,G
0.153817,0,Insert,177353515,B,2000,1129,G
0.153883,0,Insert,177353519,B,1000,1463,G
0.164273,0,Insert,177353751,B,740,1469,G
0.164277,0,Insert,177353759,B,8000,1469,G
0.164277,0,Insert,177353763,B,8000,1469,G
0.164277,0,Cancel,177352479,,,,G
0.164495,0,Cancel,177353519,,,,G
0.164727,0,Insert,177353791,B,1000,1470,G
0.164751,0,Cancel,177353763,,,,G
0.164751,0,Cancel,177353759,,,,G
0.16476,0,Insert,177353795,B,1000,1470,G
0.164764,0,Insert,177353803,B,3000,1468,G
0.164766,0,Cancel,177353515,,,,G
0.164766,0,Insert,177353807,B,2000,1130,G
0.164778,0,Cancel,177353235,,,,G
0.164815,0,Cancel,177351591,,,,G
0.164866,0,Insert,177353811,A,1000,1475,G
0.164896,0,Insert,177353823,A,2000,1481,G
0.164927,0,Insert,177353835,A,1000,1472,G
0.164995,0,Cancel,177352127,,,,G
0.164995,0,Insert,177353843,A,2000,1818,G
0.170988,0,Cancel,177349767,,,,G
0.172123,0,Insert,177353963,A,1000,1522,G
0.189143,0,Insert,177354191,B,1000,1470,G
0.189197,0,Insert,177354203,A,400,1472,G
0.189289,0,Insert,177354227,A,8000,1472,G
0.189313,0,Cancel,177352347,,,,G
0.189314,0,Cancel,177353207,,,,G
0.189347,0,Insert,177354247,A,1000,1473,G
0.189352,0,Cancel,177354191,,,,G
0.189365,0,Insert,177354251,B,1000,1467,G
0.189497,0,Insert,177354271,B,1000,1470,G
0.189712,0,Cancel,177353751,,,,G
0.189816,0,Insert,177354331,A,740,1472,G
0.189904,0,Cancel,177354247,,,,G
0.189917,0,Insert,177354375,A,8000,1471,G
0.189929,0,Cancel,177353835,,,,G
0.189933,0,Insert,177354379,A,1000,1471,G
0.189948,0,Insert,177354387,A,3000,1474,G
0.189977,0,Insert,177354407,A,400,1471,G
0.18999,0,Cancel,177354203,,,,G
0.190001,0,Cancel,177353843,,,,G
0.190001,0,Insert,177354419,A,2000,1817,G
0.190001,0,Cancel,177353811,,,,G
0.190021,0,Cancel,177353823,,,,G
0.190091,0,Cancel,177354271,,,,G
0.190185,0,Cancel,177354251,,,,G
0.190316,0,Cancel,177353795,,,,G
0.19119,0,Insert,177354563,A,1000,1472,G
0.191285,0,Cancel,177354563,,,,G
0.191464,0,Cancel,177353791,,,,G
0.191499,0,Insert,177354595,B,1000,1469,G
0.191546,0,Cancel,177353807,,,,G
0.191546,0,Insert,177354607,B,2000,1129,G
0.191822,0,Insert,177354611,B,1000,1463,G
0.191824,0,Insert,177354615,B,2000,1460,G
0.192302,0,Insert,177354627,A,1000,1472,G
0.195602,0,Cancel,177352303,,,,G
0.198529,1,Cancel,7028062,,,,
0.198529,1,Cancel,7028063,,,,
0.198529,1,Insert,7028064,A,10000,1476,G
0.198529,1,Insert,7028065,B,10000,1464,G
0.213321,0,Insert,177354995,A,1000,1472,G
0.213378,0,Cancel,177354595,,,,G
0.21352,0,Cancel,177353803,,,,G
0.235574,0,Insert,177355499,A,1000,1472,G
0.248285,0,Insert,177355635,B,1000,1454,G
0.248648,0,Insert,177355703,B,1000,1469,G
0.248694,0,Insert,177355723,B,8000,1469,G
0.248721,0,Insert,177355727,A,1000,1472,G
0.269163,0,Cancel,177355723,,,,G
0.269478,0,Cancel,177351831,,,,G
0.305778,0,Cancel,177355703,,,,G
0.305791,0,Cancel,177352535,,,,G
0.305892,0,Cancel,177352015,,,,G
0.305996,0,Cancel,177352539,,,,G
0.32114,0,Insert,177356843,B,1000,1469,G
0.331292,0,Insert,177357039,B,8000,1469,G
0.331318,0,Insert,177357043,B,1000,1469,G
0.331358,0,Insert,177357047,B,1000,1466,G
0.331364,0,Insert,177357051,B,1000,1469,G
0.352423,0,Insert,177357271,A,1000,1486,G
0.360031,0,Cancel,177355635,,,,G
0.360054,0,Cancel,177357039,,,,G
0.36007,0,Cancel,177357047,,,,G
0.360074,0,Cancel,177356843,,,,G
0.360176,0,Insert,177357327,B,1000,1469,G
0.360339,0,Cancel,177354379,,,,G
0.360566,0,Insert,177357391,A,1000,1471,G
0.360664,0,Cancel,177354627,,,,G
0.360767,0,Cancel,177357051,,,,G
0.360888,0,Insert,177357467,B,1000,1466,G
0.361197,0,Insert,177357483,A,1000,1472,G
0.361221,0,Cancel,177357043,,,,G
0.362468,0,Cancel,177357467,,,,G
0.367551,0,Cancel,177357483,,,,G
0.367608,0,Insert,177357687,B,1000,1466,G
0.374314,0,Insert,177357819,A,1000,1472,G
0.374611,0,Cancel,177357687,,,,G
0.374636,0,Insert,177357827,B,1000,1172,G
0.409108,0,Cancel,177357327,,,,G
0.41786,0,Insert,177358155,A,2000,1473,G
0.420135,0,Insert,177358247,A,1000,1471,G
0.420162,0,Cancel,177351459,,,,G
0.442427,0,Insert,177358799,B,1000,1454,G
0.468479,0,Insert,177359771,B,1000,1469,G
0.475514,0,Cancel,177354611,,,,G
0.475515,0,Insert,177359827,B,1000,1469,G
0.475567,0,Cancel,177358247,,,,G
0.483587,0,Cancel,177358155,,,,G
0.48534,0,Cancel,177359827,,,,G
0.485345,0,Insert,177359983,A,2000,1473,G
0.497229,0,Insert,177360243,A,1000,1471,G
0.49724,0,Cancel,177359771,,,,G
0.498944,1,Cancel,7028064,,,,
0.498944,1,Cancel,7028065,,,,
0.498944,1,Insert,7028066,A,10000,1476,G
0.498944,1,Insert,7028067,B,10000,1464,G
0.50071,0,Insert,177360291,B,740,1468,G
0.501092,0,Insert,177360311,B,2000,1459,G
0.505192,0,Insert,177360343,B,1000,1468,G
0.509762,0,Insert,177360387,B,450,1469,G
0.509793,0,Insert,177360391,A,1000,1472,G
0.509799,0,Insert,177360395,B,3000,1467,G
0.51021,0,Insert,177360403,B,450,1469,G
0.510369,0,Insert,177360407,A,1000,1474,G
0.51095,0,Cancel,177360407,,,,G
0.517532,0,Cancel,177360311,,,,G
0.525421,0,Insert,177360543,B,100,1350,G
0.526865,0,Insert,177360559,A,1000,1471,G
0.526977,0,Cancel,177360559,,,,G
0.527083,0,Cancel,177360291,,,,G
0.527086,0,Insert,177360563,A,1000,1471,G
0.527115,0,Insert,177360567,A,1000,1471,G
0.527139,0,Insert,177360571,A,1000,1474,G
0.527254,0,Insert,177360587,A,120,1471,G
0.52726,0,Insert,177360591,B,1000,1463,G
0.52727,0,Insert,177360599,A,1000,1470,G
0.5273,0,Cancel,177354995,,,,G
0.5273,0,Cancel,177355499,,,,G
0.5273,0,Cancel,177360391,,,,G
0.527301,0,Cancel,177355727,,,,G
0.527303,0,Cancel,177354387,,,,G
0.527306,0,Insert,177360607,A,3000,1473,G
0.527335,0,Insert,177360627,A,400,1470,G
0.527352,0,Cancel,177354407,,,,G
0.527354,0,Cancel,177354419,,,,G
0.527354,0,Insert,177360631,A,2000,1816,G
0.527355,0,Cancel,177352055,,,,G
0.527361,0,Cancel,177352047,,,,G
0.527407,0,Insert,177360663,A,1000,1474,G
0.527434,0,Cancel,177354607,,,,G
0.527434,0,Insert,177360667,B,2000,1128,G
0.527688,0,Cancel,177360403,,,,G
0.52835,0,Insert,177360799,B,450,1468,G
0.528379,0,Cancel,177360599,,,,G
0.528408,0,Insert,177360811,A,3000,1472,G
0.52843,0,Cancel,177360627,,,,G
0.528461,0,Insert,177360827,A,2000,1480,G
0.528488,0,Cancel,177360571,,,,G
0.531266,0,Cancel,177360587,,,,G
0.531624,0,Insert,177360931,A,1000,1474,G
0.531862,0,Cancel,177360631,,,,G
0.531862,0,Insert,177360943,A,2000,1817,G
0.558897,0,Cancel,177360563,,,,G
0.558954,0,Insert,177361327,A,400,1471,G
0.559077,0,Cancel,177360567,,,,G
0.569196,0,Insert,177361499,A,10,1471,G
0.589382,0,Insert,177361723,B,1000,1466,G
0.589932,0,Cancel,177361723,,,,G
0.590241,0,Insert,177361739,B,1000,1466,G
0.590376,0,Insert,177361755,B,1000,1469,G
0.590376,0,Insert,177361759,B,1000,1469,G
0.590403,0,Cancel,177360243,,,,G
0.590454,0,Cancel,177360667,,,,G
0.590454,0,Insert,177361775,B,2000,1129,G
0.590646,0,Insert,177361783,B,1000,1469,G
0.590646,0,Cancel,177360663,,,,G
0.590805,0,Insert,177361791,B,1000,1465,G
0.597265,0,Cancel,177359983,,,,G
0.597306,0,Insert,177361947,B,8000,1469,G
0.597851,0,Insert,177361999,B,1000,1469,G
0.598436,0,Cancel,177360343,,,,G
0.614274,0,Cancel,177361947,,,,G
0.617464,0,Cancel,177361999,,,,G
0.692621,0,Cancel,177361783,,,,G
0.692869,0,Cancel,177361739,,,,G
0.697574,0,Insert,177364051,B,1000,1469,G
0.697606,0,Insert,177364055,B,1000,1469,G
0.697639,0,Insert,177364059,B,1000,1466,G
0.703904,0,Insert,177364099,B,8000,1469,G
0.704052,0,Cancel,177357819,,,,G
0.704183,0,Cancel,177354331,,,,G
0.704185,0,Insert,177364127,B,750,1469,G
0.704267,0,Cancel,177354375,,,,G
0.704267,0,Cancel,177357391,,,,G
0.704285,0,Cancel,177357271,,,,G
0.704287,0,Cancel,177360607,,,,G
0.704364,0,Cancel,177361327,,,,G
0.704391,0,Cancel,177360591,,,,G
0.704395,0,Insert,177364203,B,1000,1470,G
0.704452,0,Insert,177364239,A,400,1472,G
0.704473,0,Cancel,177361775,,,,G
0.704473,0,Insert,177364259,B,2000,1130,G
0.704515,0,Cancel,177354615,,,,G
0.704542,0,Insert,177364287,B,1000,1470,G
0.704598,0,Cancel,177364203,,,,G
0.704705,0,Insert,177364323,B,1000,1467,G
0.704867,0,Cancel,177360943,,,,G
0.704867,0,Insert,177364383,A,2000,1818,G
0.705123,0,Insert,177364463,B,1000,1470,G
0.705288,0,Cancel,177358799,,,,G
0.706185,0,Insert,177364675,B,1000,1470,G
0.706702,0,Insert,177364707,B,1000,1470,G
0.708372,0,Cancel,177360799,,,,G
0.708537,0,Cancel,177364707,,,,G
0.708823,0,Cancel,177364675,,,,G
0.708964,0,Cancel,177364127,,,,G
0.708967,0,Cancel,177364463,,,,G
0.708982,0,Cancel,177364323,,,,G
0.712041,0,Insert,177365247,A,1000,1472,G
0.712064,0,Cancel,177364287,,,,G
0.712127,0,Cancel,177364099,,,,G
0.712149,0,Cancel,177364259,,,,G
0.712149,0,Insert,177365267,B,2000,1129,G
0.712205,0,Insert,177365283,B,2000,1460,G
0.712512,0,Insert,177365343,B,1000,1463,G
0.712582,0,Insert,177365363,B,8000,1469,G
0.712584,0,Cancel,177365247,,,,G
0.71273,0,Insert,177365391,A,1000,1472,G
0.712874,0,Cancel,177365391,,,,G
0.716609,0,Insert,177365563,A,1000,1472,G
0.717323,0,Cancel,177365363,,,,G
0.724183,0,Cancel,177365563,,,,G
0.724208,0,Insert,177365827,A,1000,1914,G
0.724221,0,Insert,177365843,B,8000,1469,G
0.724411,0,Insert,177365875,B,1000,1469,G
0.724582,0,Insert,177365907,A,1000,1486,G
0.72693,0,Insert,177366115,A,8000,1471,G
0.726939,0,Insert,177366123,A,1000,1471,G
0.726992,0,Insert,177366151,A,400,1471,G
0.727007,0,Cancel,177364239,,,,G
0.72701,0,Cancel,177364383,,,,G
0.72701,0,Insert,177366175,A,2000,1817,G
0.727223,0,Insert,177366279,A,1000,1472,G
0.727232,0,Cancel,177365875,,,,G
0.727389,0,Cancel,177365843,,,,G
0.729194,0,Cancel,177364055,,,,G
0.754496,0,Insert,177366923,B,1000,1469,G
0.754539,0,Insert,177366927,B,1000,1454,G
0.761732,1,Insert,5006879,B,121,1479,G
0.766549,0,Cancel,177366923,,,,G
0.772879,1,Cancel,7028066,,,,
0.772879,1,Cancel,7028067,,,,
0.772879,1,Insert,7028068,A,10000,1476,G
0.772879,1,Insert,7028069,B,10000,1464,G
0.807015,0,Insert,177367531,B,8000,1469,G
0.807146,0,Cancel,177366927,,,,G
0.807153,0,Insert,177367567,B,1000,1455,G
0.807259,0,Cancel,177366279,,,,G
0.815296,0,Insert,177367667,B,740,1469,G
0.815331,0,Cancel,177366115,,,,G
0.815406,0,Cancel,177366151,,,,G
0.815445,0,Insert,177367699,B,1000,1469,G
0.815459,0,Insert,177367703,A,400,1472,G
0.815564,0,Insert,177367727,B,1000,1469,G
0.823734,0,Cancel,177365343,,,,G
0.82394,0,Cancel,177365267,,,,G
0.82394,0,Insert,177368123,B,2000,1130,G
0.834856,0,Insert,177368239,A,8000,1471,G
0.834899,0,Cancel,177367667,,,,G
0.83495,0,Cancel,177367703,,,,G
0.835102,0,Cancel,177368123,,,,G
0.835102,0,Insert,177368283,B,2000,1129,G
0.83511,0,Cancel,177367567,,,,G
0.835381,0,Insert,177368287,B,1000,1463,G
0.835902,0,Insert,177368327,A,1000,1472,G
0.837786,0,Cancel,177367531,,,,G
0.837842,0,Insert,177368343,A,400,1471,G
0.843819,0,Cancel,177367699,,,,G
0.84414,0,Cancel,177367727,,,,G
0.845569,0,Cancel,177364059,,,,G
0.862427,0,Insert,177368691,B,1000,1454,G
0.864189,0,Insert,177368727,B,8000,1469,G
0.864206,0,Cancel,177368327,,,,G
0.86499,0,Insert,177368739,A,1000,1472,G
0.865291,0,Cancel,177368727,,,,G
0.865374,0,Cancel,177365907,,,,G
0.878692,0,Insert,177368931,B,1000,1466,G
0.884128,0,Insert,177368983,B,8000,1469,G
0.904296,0,Cancel,177368983,,,,G
0.911374,0,Cancel,177368739,,,,G
0.913568,0,Insert,177369407,B,8000,1469,G
0.915947,0,Insert,177369483,A,1000,1485,G
0.916063,0,Insert,177369499,A,1000,1472,G
0.91609,0,Cancel,177369407,,,,G
0.916509,0,Cancel,177369499,,,,G
0.917006,0,Insert,177369531,B,8000,1469,G
0.917894,0,Insert,177369539,B,1000,1468,G
0.921654,0,Cancel,177369483,,,,G
0.922383,0,Cancel,177368287,,,,G
0.925717,0,Insert,177369695,B,1000,1470,G
0.925746,0,Insert,177369703,B,1000,1470,G
0.925803,0,Cancel,177368283,,,,G
0.925803,0,Insert,177369715,B,2000,1130,G
0.925846,0,Cancel,177365283,,,,G
0.925862,0,Cancel,177369695,,,,G
0.925864,0,Cancel,177368239,,,,G
0.926117,0,Insert,177369747,B,2000,1470,G
0.926127,0,Insert,177369755,B,1000,1467,G
0.926397,0,Cancel,177368691,,,,G
0.926759,0,Insert,177369811,B,1000,1470,G
0.926788,0,Insert,177369819,B,1000,1470,G
0.926878,0,Cancel,177368343,,,,G
0.926937,0,Insert,177369839,A,400,1472,G
0.934177,0,Cancel,177366123,,,,G
0.934202,0,Cancel,177357827,,,,G
0.934623,0,Cancel,177366175,,,,G
0.934623,0,Insert,177370011,A,2000,1818,G
0.966777,0,Insert,177370279,B,1000,1173,G
0.966974,0,Insert,177370283,B,8000,1470,G
0.967077,0,Insert,177370299,A,1000,1485,G
0.967091,0,Insert,177370303,B,1000,1470,G
0.967236,0,Insert,177370327,B,1000,1466,G
0.96729,0,Cancel,177354227,,,,G
0.967291,0,Cancel,177360811,,,,G
0.967323,0,Insert,177370343,A,3000,1473,G
0.967583,0,Insert,177370387,B,1000,1468,G
0.967883,0,Cancel,177370387,,,,G
0.971262,0,Cancel,177370303,,,,G
0.971363,0,Insert,4042971,B,10,1471,F
0.971367,0,Insert,177370559,B,1000,1468,G
0.971381,0,Insert,177370563,B,1000,1471,G
0.971381,0,Insert,177370567,B,1000,1471,G
0.971384,0,Insert,177370571,B,200,1470,G
0.971388,0,Insert,177370579,A,1000,1475,G
0.971391,0,Insert,177370583,A,2000,1481,G
0.97141,0,Insert,177370603,B,1000,1471,G
0.97141,0,Insert,177370607,B,1000,1471,G
0.971418,0,Insert,177370615,B,3000,1468,G
0.971423,0,Insert,177370619,A,1000,1472,G
0.971423,0,Cancel,177369839,,,,G
0.971429,0,Cancel,177360395,,,,G
0.971459,0,Cancel,177369715,,,,G
0.971459,0,Insert,177370631,B,2000,1131,G
0.971486,0,Insert,177370639,A,400,1473,G
0.971752,0,Cancel,177370607,,,,G
0.971808,0,Cancel,177370639,,,,G
0.972038,0,Insert,177370727,B,1000,1469,G
0.974327,0,Cancel,177370567,,,,G
0.97483,0,Cancel,177370563,,,,G
0.975505,0,Cancel,177370571,,,,G
0.975626,0,Cancel,177370619,,,,G
0.975654,0,Insert,177370887,A,740,1473,G
0.975655,0,Insert,177370891,A,1000,1473,G
0.975685,0,Insert,177370899,A,2000,1482,G
0.975695,0,Insert,177370903,A,1000,1473,G
0.97582,0,Insert,177370943,A,1000,1476,G
0.975825,0,Cancel,177370891,,,,G
0.975944,0,Cancel,177370011,,,,G
0.975944,0,Insert,177370955,A,2000,1819,G
0.975963,0,Insert,177370963,A,1000,1473,G
0.975991,0,Insert,177370967,A,1000,1473,G
0.976114,0,Cancel,177370559,,,,G
0.97614,0,Cancel,177370887,,,,G
0.977582,0,Insert,177371127,A,1000,1473,G
0.977607,0,Cancel,177370603,,,,G
0.97765,0,Cancel,177370283,,,,G
0.977684,0,Cancel,177370631,,,,G
0.977684,0,Insert,177371135,B,2000,1130,G
0.97777,0,Cancel,177371127,,,,G
0.977954,0,Insert,177371143,B,2000,1461,G
0.977954,0,Insert,177371147,B,1000,1464,G
0.977957,0,Insert,177371151,B,1000,1470,G
1.000257,0,Insert,177371351,B,8000,1470,G
1.000294,0,Cancel,177371147,,,,G
1.000302,0,Insert,177371371,B,1000,1455,G
1.000318,0,Insert,177371375,A,400,1473,G
1.000376,0,Cancel,177371135,,,,G
1.000376,0,Insert,177371379,B,2000,1131,G
1.000426,0,Insert,177371395,B,740,1470,G
1.000433,0,Cancel,177371379,,,,G
1.000433,0,Insert,177371407,B,2000,1130,G
1.000518,0,Insert,177371415,B,1000,1471,G
1.00052,0,Cancel,177370963,,,,G
1.000531,0,Cancel,177371407,,,,G
1.000531,0,Insert,177371423,B,2000,1131,G
1.000543,0,Cancel,177370967,,,,G
1.000548,0,Cancel,177371143,,,,G
1.000549,0,Insert,177371431,B,2000,1471,G
1.000551,0,Insert,177371435,B,1000,1471,G
1.000554,0,Insert,177371443,B,3000,1469,G
1.000556,0,Cancel,177370615,,,,G
1.000935,0,Insert,177371467,B,1000,1468,G
1.001042,0,Insert,177371499,B,1000,1471,G
1.00107,0,Insert,177371515,B,1000,1471,G
1.001979,0,Insert,177372039,B,8000,1471,G
1.004296,0,Cancel,177372039,,,,G
1.005275,0,Insert,177372595,B,8000,1471,G
1.005663,0,Cancel,177360931,,,,G
1.005921,0,Insert,177372775,A,1000,1474,G
1.007179,0,Insert,177372859,B,7000,1463,G
1.00723,0,Insert,177372871,B,1000,1469,G
1.007389,0,Insert,177372879,A,1000,1483,G
1.008912,0,Cancel,177372775,,,,G
1.009402,0,Cancel,177370343,,,,G
1.009434,0,Insert,177372971,A,2000,1474,G
1.009734,0,Cancel,177371375,,,,G
1.009792,0,Insert,177373047,A,400,1474,G
1.009792,0,Insert,177373051,A,8000,1474,G
1.009798,0,Insert,177373059,B,1000,1471,G
1.009832,0,Insert,177373087,B,740,1471,G
1.009907,0,Cancel,177373087,,,,G
1.009983,0,Cancel,177370903,,,,G
1.010064,0,Insert,177373147,A,2000,1483,G
1.010116,0,Insert,177373171,B,740,1471,G
1.010184,0,Insert,177373195,A,1000,1474,G
1.01021,0,Cancel,177373171,,,,G
1.010216,0,Insert,177373207,A,1000,1477,G
1.010436,0,Insert,177373239,A,1000,1474,G
1.010438,0,Insert,177373243,A,1000,1474,G
1.010475,0,Cancel,177370955,,,,G
1.010475,0,Insert,177373247,A,2000,1820,G
1.01136,0,Insert,177373395,A,8000,1473,G
1.01136,0,Insert,177373403,A,750,1474,G
1.011363,0,Insert,177373415,A,1000,1474,G
1.011389,0,Insert,177373431,A,3000,1475,G
1.011422,0,Cancel,177373047,,,,G
1.011445,0,Cancel,177373247,,,,G
1.011445,0,Insert,177373443,A,2000,1819,G
1.011459,0,Cancel,177373207,,,,G
1.01148,0,Cancel,177373147,,,,G
1.012452,0,Cancel,177371371,,,,G
1.017926,0,Cancel,177373415,,,,G
1.017937,0,Cancel,177373395,,,,G
1.017946,0,Cancel,177373195,,,,G
1.017949,0,Insert,177373527,A,1000,1473,G
1.01801,0,Cancel,177373403,,,,G
1.018012,0,Cancel,177373431,,,,G
1.018792,0,Cancel,177360387,,,,G
1.021478,0,Insert,177373579,A,1000,1474,G
1.023069,0,Insert,177373611,A,1000,1479,G
1.029386,1,Insert,5006880,A,1,1470,G
1.049414,0,Cancel,177371151,,,,G
1.071851,0,Cancel,177373579,,,,G
1.079248,0,Insert,177374451,A,400,1473,G
1.079272,0,Cancel,177373527,,,,G
1.079301,0,Insert,177374463,A,2000,1475,G
1.079325,0,Cancel,177374451,,,,G
1.079354,0,Cancel,177373443,,,,G
1.079354,0,Insert,177374475,A,2000,1820,G
1.079361,0,Insert,177374479,A,1000,1474,G
1.079375,0,Insert,177374483,A,400,1474,G
1.079387,0,Insert,177374487,A,1000,1477,G
1.079466,0,Insert,177374491,A,2000,1483,G
1.089545,0,Cancel,177353963,,,,G
1.089571,0,Insert,177374587,A,1000,1771,G
1.091061,0,Insert,177374595,A,1000,1524,G
1.091086,0,Insert,177374599,B,1000,1029,G
1.122973,1,Cancel,7028068,,,,
1.122973,1,Cancel,7028069,,,,
1.122973,1,Insert,7028070,A,10000,1478,G
1.122973,1,Insert,7028071,B,10000,1466,G
1.127974,0,Insert,177375383,A,1000,1472,G
1.127997,0,Cancel,177374463,,,,G
1.128002,0,Cancel,177372971,,,,G
1.128002,0,Cancel,177370899,,,,G
1.128002,0,Cancel,177374491,,,,G
1.128002,0,Cancel,177370943,,,,G
1.128002,0,Cancel,177374487,,,,G
1.128015,0,Cancel,177371435,,,,G
1.128015,0,Insert,177375407,A,3000,1476,G
1.128022,0,Insert,177375435,A,1000,1488,G
1.128055,0,Cancel,177374475,,,,G
1.128055,0,Insert,177375451,A,2000,1818,G
1.129918,0,Cancel,177374595,,,,G
1.130836,0,Insert,177375723,A,1000,1522,G
1.134669,0,Insert,177375783,A,8000,1473,G
1.134675,0,Cancel,177374479,,,,G
1.135123,0,Insert,177375827,A,1000,1474,G
1.13513,0,Cancel,177372595,,,,G
1.135261,0,Cancel,177373059,,,,G
1.135605,0,Cancel,177371499,,,,G
1.135668,0,Insert,177375871,B,1000,1471,G
1.135668,0,Cancel,177371431,,,,G
1.13576,0,Cancel,177371467,,,,G
1.13607,0,Cancel,177375871,,,,G
1.136093,0,Insert,177375991,B,1000,1468,G
1.136177,0,Insert,177376015,B,1000,1471,G
1.136321,0,Cancel,177375435,,,,G
1.137119,0,Cancel,177376015,,,,G
1.138809,0,Insert,177376315,B,1000,1471,G
1.145706,0,Cancel,177376315,,,,G
1.145818,0,Insert,177376483,A,1000,1473,G
1.145855,0,Cancel,177375991,,,,G
1.145982,0,Cancel,177371515,,,,G
1.145995,0,Cancel,177371415,,,,G
1.146035,0,Insert,177376499,B,1000,1470,G
1.146055,0,Insert,177376507,B,2000,1461,G
1.146077,0,Cancel,177371423,,,,G
1.146077,0,Insert,177376519,B,2000,1130,G
1.146108,0,Cancel,177376519,,,,G
1.14656,0,Insert,177376543,B,2000,1130,G
1.160607,0,Insert,177377283,B,1000,1471,G
1.160642,0,Insert,177377291,B,1000,1471,G
1.16066,0,Insert,177377295,A,1000,1487,G
1.160679,0,Cancel,177376543,,,,G
1.160679,0,Insert,177377299,B,2000,1131,G
1.160811,0,Cancel,177376507,,,,G
1.160853,0,Insert,177377311,B,1000,1468,G
1.171412,0,Cancel,177377283,,,,G
1.171497,0,Insert,177377527,B,1000,1456,G
1.171673,0,Cancel,177377311,,,,G
1.197647,0,Cancel,177371351,,,,G
1.197671,0,Cancel,177377291,,,,G
1.197702,0,Insert,177377923,A,1000,1473,G
1.197702,0,Insert,177377927,B,2000,1461,G
1.197756,0,Cancel,177377299,,,,G
1.197756,0,Insert,177377947,B,2000,1130,G
1.198028,0,Insert,177377959,B,1000,1470,G
1.198116,0,Insert,177377979,B,1000,1464,G
1.204687,0,Cancel,177377979,,,,G
1.205566,0,Cancel,177376499,,,,G
1.205849,0,Insert,177378191,B,1000,1464,G
1.236194,0,Insert,177378659,A,1000,1473,G
1.236216,0,Cancel,177374587,,,,G
1.236661,0,Cancel,177372859,,,,G
1.236687,0,Insert,177378839,A,1000,1769,G
1.236739,0,Cancel,177371395,,,,G
1.236793,0,Cancel,177369811,,,,G
1.237214,0,Insert,177378963,A,1000,1478,G
1.237322,0,Insert,177378979,B,1000,1470,G
1.247853,0,Insert,177379187,A,8000,1472,G
1.247865,0,Cancel,177371443,,,,G
1.24807,0,Cancel,177377959,,,,G
1.248142,0,Cancel,177378979,,,,G
1.248194,0,Cancel,177377527,,,,G
1.248275,0,Insert,177379283,B,1000,1470,G
1.251293,0,Cancel,177379187,,,,G
1.251353,0,Insert,177379451,A,400,1473,G
1.251366,0,Cancel,177374483,,,,G
1.255923,0,Insert,177379595,A,8000,1472,G
1.256227,0,Insert,177379607,A,400,1472,G
1.256239,0,Cancel,177379451,,,,G
1.282421,0,Insert,177379963,B,1000,1455,G
1.288447,0,Insert,177380047,A,1000,1472,G
1.298819,0,Cancel,177369755,,,,G
1.299383,0,Cancel,177379283,,,,G
1.316343,0,Insert,177380711,B,1000,1467,G
1.31639,0,Insert,177380719,B,1000,1470,G
1.324737,0,Cancel,177380047,,,,G
1.326347,0,Insert,177381027,B,7000,1463,G
1.375685,0,Insert,177381739,B,450,1470,G
1.375709,0,Cancel,177374599,,,,G
1.375709,0,Cancel,177365827,,,,G
1.375721,0,Insert,177381743,B,1000,1470,G
1.375745,0,Insert,177381747,B,1000,1027,G
1.375769,0,Insert,177381751,A,1000,1915,G
1.375791,0,Insert,177381755,B,450,1470,G
1.380499,0,Cancel,177381027,,,,G
1.38052,0,Cancel,177380719,,,,G
1.380751,0,Cancel,177369819,,,,G
1.380865,0,Cancel,177380711,,,,G
1.381774,0,Insert,177381827,B,1000,1470,G
1.382801,0,Insert,177381859,B,1000,1467,G
1.389045,0,Insert,177381951,A,1000,1472,G
1.389639,0,Cancel,177379595,,,,G
1.38986,0,Insert,177381971,B,1000,1470,G
1.389947,0,Cancel,177381951,,,,G
1.39,0,Cancel,177379607,,,,G
1.390056,0,Insert,177381987,A,400,1473,G
1.393896,0,Insert,177382127,A,8000,1472,G
1.394045,0,Insert,177382155,A,1000,1472,G
1.394206,0,Cancel,177381987,,,,G
1.394716,0,Cancel,177379963,,,,G
1.398192,0,Cancel,177382127,,,,G
1.413627,1,Cancel,7028070,,,,
1.413627,1,Cancel,7028071,,,,
1.413627,1,Insert,7028072,A,10000,1477,G
1.413627,1,Insert,7028073,B,10000,1465,G
1.415501,0,Cancel,177372871,,,,G
1.42318,0,Insert,177382531,A,8000,1472,G
1.423205,0,Insert,177382535,B,1000,1455,G
1.423237,0,Insert,177382543,A,400,1472,G
1.423396,0,Cancel,177381743,,,,G
1.431017,0,Cancel,177381971,,,,G
1.431094,0,Cancel,177381827,,,,G
1.43174,0,Cancel,177381859,,,,G
1.434032,0,Cancel,177369747,,,,G
1.434246,0,Insert,177382715,A,1000,1472,G
1.434246,0,Insert,177382719,A,1000,1472,G
1.434752,0,Cancel,177382715,,,,G
1.439679,0,Insert,177382783,A,8000,1471,G
1.439681,0,Cancel,177376483,,,,G
1.439681,0,Cancel,177377923,,,,G
1.439691,0,Cancel,177382155,,,,G
1.439717,0,Insert,177382799,A,3000,1474,G
1.439717,0,Insert,177382803,A,1000,1472,G
1.439719,0,Cancel,177375407,,,,G
1.439733,0,Cancel,177370579,,,,G
1.439737,0,Insert,177382815,A,400,1471,G
1.439749,0,Cancel,177382543,,,,G
1.439762,0,Cancel,177375451,,,,G
1.439762,0,Insert,177382819,A,2000,1817,G
1.439779,0,Cancel,177369703,,,,G
1.439796,0,Cancel,177370583,,,,G
1.439848,0,Insert,177382827,A,1000,1471,G
1.440014,0,Insert,177382855,A,1000,1472,G
1.440045,0,Cancel,177369531,,,,G
1.440051,0,Cancel,177370727,,,,G
1.440097,0,Cancel,177382855,,,,G
1.440227,0,Insert,177382903,B,2000,1469,G
1.440238,0,Cancel,177377947,,,,G
1.440238,0,Insert,177382907,B,2000,1129,G
1.440404,0,Insert,177382923,B,1000,1468,G
1.440427,0,Cancel,177382535,,,,G
1.44785,0,Insert,177383599,A,1000,1475,G
1.450312,0,Insert,177383703,A,20,1471,G
1.450388,0,Cancel,177382783,,,,G
1.450438,0,Insert,177383723,B,8000,1469,G
1.450775,0,Cancel,177382827,,,,G
1.450836,0,Cancel,177382815,,,,G
1.451116,0,Cancel,177382819,,,,G
1.451116,0,Insert,177383779,A,2000,1818,G
1.451366,0,Cancel,177382907,,,,G
1.451366,0,Insert,177383803,B,2000,1130,G
1.458795,0,Insert,177383891,B,1000,1470,G
1.458797,0,Insert,177383895,B,2000,1470,G
1.458823,0,Insert,177383899,B,1000,1470,G
1.45883,0,Cancel,177382719,,,,G
1.458846,0,Insert,177383903,B,1000,1467,G
1.458889,0,Cancel,177383895,,,,G
1.458919,0,Insert,177383907,B,1000,1470,G
1.459013,0,Cancel,177383599,,,,G
1.459121,0,Insert,177383927,B,1000,1470,G
1.462045,0,Insert,177383955,A,400,1472,G
1.46263,0,Cancel,177383907,,,,G
1.463117,0,Cancel,177383891,,,,G
1.464464,1,Insert,5006881,B,31,1441,G
1.507858,0,Insert,177384531,B,1000,1470,G
1.507881,0,Cancel,177378839,,,,G
1.507882,0,Cancel,177381747,,,,G
1.516964,0,Insert,177384711,B,1000,1470,G
1.516989,0,Insert,177384715,A,1000,1768,G
1.517015,0,Insert,177384719,B,1000,1026,G
1.519737,0,Cancel,177384711,,,,G
1.527892,0,Cancel,177384531,,,,G
1.538921,0,Cancel,177383927,,,,G
1.538957,0,Cancel,177383903,,,,G
1.567634,0,Cancel,177377295,,,,G
1.570345,0,Cancel,177373611,,,,G
1.579251,0,Insert,177385487,A,1000,1477,G
1.598723,0,Insert,177385783,B,1000,1467,G
1.604557,0,Cancel,177385783,,,,G
1.607387,0,Insert,177385995,B,1000,1467,G
1.621006,0,Insert,177386083,B,1000,1470,G
1.621053,0,Insert,177386087,B,1000,1455,G
1.621327,0,Insert,177386119,B,1000,1470,G
1.621356,0,Insert,177386123,B,1000,1470,G
1.642464,0,Insert,177386255,A,1000,1487,G
1.654468,0,Cancel,177386123,,,,G
1.677176,1,Cancel,7028072,,,,
1.677176,1,Cancel,7028073,,,,
1.677176,1,Insert,7028074,A,10000,1476,G
1.677176,1,Insert,7028075,B,10000,1464,G
1.706509,0,Cancel,177386083,,,,G
1.706836,0,Cancel,177386255,,,,G
1.706842,0,Insert,177387091,A,1000,1486,G
1.708914,0,Insert,177387155,B,1000,1470,G
1.708915,0,Cancel,177382531,,,,G
1.708994,0,Insert,177387167,A,8000,1472,G
1.709001,0,Cancel,177382803,,,,G
1.709035,0,Insert,177387179,A,1000,1473,G
1.709087,0,Cancel,177387091,,,,G
1.709683,0,Insert,177387211,B,1000,1470,G
1.709742,0,Insert,177387215,B,8000,1470,G
1.710997,0,Cancel,177387167,,,,G
1.711051,0,Cancel,177387215,,,,G
1.711054,0,Insert,177387271,A,8000,1472,G
1.717754,0,Cancel,177387271,,,,G
1.71779,0,Cancel,177387211,,,,G
1.718033,0,Insert,177387551,B,740,1470,G
1.718621,0,Insert,177387659,B,1000,1470,G
1.721451,0,Cancel,177378659,,,,G
1.729361,0,Insert,177387851,A,1000,1473,G
1.79245,0,Insert,177388667,A,1000,1487,G
1.794195,0,Cancel,177387551,,,,G
1.80724,0,Insert,177388859,A,8000,1472,G
1.807253,0,Insert,177388867,A,1000,1473,G
1.807422,0,Cancel,177387659,,,,G
1.807478,0,Cancel,177386119,,,,G
1.808047,0,Cancel,177385995,,,,G
1.808085,0,Insert,177388923,B,1000,1467,G
1.81935,0,Cancel,177387155,,,,G
1.819645,0,Cancel,177388923,,,,G
1.820843,0,Insert,177389319,B,1000,1467,G
1.820945,0,Insert,177389331,B,1000,1470,G
1.821127,0,Cancel,177388859,,,,G
1.821258,0,Insert,177389347,B,1000,1470,G
1.821295,0,Insert,177389351,B,730,1470,G
1.822347,0,Insert,177389455,B,1000,1470,G
1.828243,0,Cancel,177389351,,,,G
1.828247,0,Insert,177389563,A,8000,1472,G
1.828351,0,Cancel,177389331,,,,G
1.828457,0,Cancel,177389347,,,,G
1.828478,0,Cancel,177389455,,,,G
1.828685,0,Insert,177389583,B,1000,1470,G
1.83066,0,Cancel,177389563,,,,G
1.830859,0,Insert,177389659,B,1000,1470,G
1.840891,0,Insert,177389723,A,8000,1472,G
1.841156,0,Cancel,177389583,,,,G
1.844472,0,Cancel,177389319,,,,G
1.85523,0,Cancel,177389659,,,,G
1.864758,0,Cancel,177387179,,,,G
1.864759,0,Cancel,177387851,,,,G
1.864762,0,Insert,177390271,A,8000,1471,G
1.864797,0,Insert,177390287,A,1000,1472,G
1.864802,0,Insert,177390291,A,1000,1472,G
1.864817,0,Insert,177390295,A,400,1471,G
1.864834,0,Cancel,177383955,,,,G
1.864834,0,Cancel,177383899,,,,G
1.864855,0,Cancel,177383779,,,,G
1.864855,0,Insert,177390315,A,2000,1817,G
1.864925,0,Cancel,177383803,,,,G
1.864925,0,Insert,177390335,B,2000,1129,G
1.864928,0,Insert,177390347,A,1000,1471,G
1.865174,0,Cancel,177383723,,,,G
1.865174,0,Cancel,177382903,,,,G
1.865252,0,Cancel,177388667,,,,G
1.865713,0,Cancel,177364051,,,,G
1.865884,0,Insert,177391011,B,1000,1469,G
1.866044,0,Cancel,177386087,,,,G
1.866417,0,Insert,177391675,A,1000,1475,G
1.868579,0,Cancel,177370327,,,,G
1.874385,0,Cancel,177390291,,,,G
1.874433,0,Insert,177392579,A,1000,1472,G
1.87446,0,Insert,177392583,B,2000,1469,G
1.874484,0,Cancel,177392579,,,,G
1.874606,0,Insert,177392635,B,1000,1466,G
1.874937,0,Cancel,177390271,,,,G
1.874941,0,Cancel,177390347,,,,G
1.87501,0,Cancel,177390295,,,,G
1.875163,0,Insert,177392727,B,1000,1467,G
1.875317,0,Cancel,177390335,,,,G
1.875317,0,Insert,177392755,B,2000,1130,G
1.875457,0,Cancel,177392727,,,,G
1.875597,0,Cancel,177390315,,,,G
1.875597,0,Insert,177392787,A,2000,1818,G
1.876064,0,Cancel,177391675,,,,G
1.878663,0,Insert,177392963,A,1000,1486,G
1.884047,0,Insert,177393123,A,1000,1471,G
1.884078,0,Insert,177393127,A,1000,1472,G
1.884125,0,Cancel,177392787,,,,G
1.884125,0,Insert,177393135,A,2000,1817,G
1.911595,0,Insert,177393503,A,1000,1475,G
1.912419,0,Insert,177393515,B,1000,1455,G
1.933663,0,Insert,177393735,B,8000,1468,G
1.935743,0,Insert,177393811,B,8000,1469,G
1.935745,0,Insert,177393819,A,8000,1471,G
1.935778,0,Insert,177393839,A,1000,1472,G
1.93578,0,Insert,177393843,A,1000,1472,G
1.9358,0,Insert,177393867,A,400,1471,G
1.93587,0,Cancel,177392583,,,,G
1.935907,0,Cancel,177393811,,,,G
1.935912,0,Cancel,177392635,,,,G
1.936117,0,Cancel,177393515,,,,G
1.936798,0,Cancel,177393843,,,,G
1.937332,0,Insert,177394199,B,2000,1469,G
1.950461,0,Cancel,177394199,,,,G
1.95984,0,Insert,177394451,A,1000,1472,G
1.960083,0,Insert,177394467,B,1000,1454,G
1.960264,0,Cancel,177392755,,,,G
1.960264,0,Insert,177394503,B,2000,1129,G
1.999006,0,Cancel,177361759,,,,G
1.999685,1,Cancel,7028074,,,,
1.999685,1,Cancel,7028075,,,,
1.999685,1,Insert,7028076,A,10000,1476,G
1.999685,1,Insert,7028077,B,10000,1464,G
2.000197,0,Cancel,177391011,,,,G
2.000316,0,Insert,177395067,A,2000,1473,G
2.000316,0,Cancel,177361755,,,,G
2.000345,0,Insert,177395079,A,1000,1472,G
2.000384,0,Insert,177395095,A,1000,1471,G
2.000384,0,Insert,177395099,A,1000,1471,G
2.000459,0,Insert,177395123,B,2000,1469,G
2.000509,0,Cancel,177368931,,,,G
2.000555,0,Insert,4043475,A,450,1470,F
2.000555,0,Insert,4043476,A,70,1470,F
2.00056,0,Cancel,177390287,,,,G
2.000564,0,Cancel,177393839,,,,G
2.000564,0,Cancel,177393127,,,,G
2.000567,0,Cancel,177395079,,,,G
2.000576,0,Insert,177395159,A,1000,1471,G
2.000584,0,Insert,4043477,A,380,1470,F
2.000593,0,Cancel,177382923,,,,G
2.000608,0,Insert,177395191,A,870,1471,G
2.000616,0,Insert,177395199,A,720,1471,G
2.000624,0,Cancel,177395123,,,,G
2.000624,0,Insert,177395203,B,2000,1460,G
2.000624,0,Insert,177395207,A,1000,1471,G
2.000627,0,Insert,177395211,B,1000,1463,G
2.000644,0,Cancel,177395159,,,,G
2.000696,0,Cancel,177393123,,,,G
2.000696,0,Insert,177395271,A,8000,1470,G
2.000701,0,Insert,177395275,A,1000,1470,G
2.000718,0,Cancel,177393135,,,,G
2.000718,0,Insert,177395279,A,2000,1816,G
2.000721,0,Cancel,177375827,,,,G
2.000741,0,Insert,177395307,A,3000,1472,G
2.000743,0,Cancel,177382799,,,,G
2.000749,0,Cancel,177360827,,,,G
2.000752,0,Insert,177395311,B,2000,1459,G
2.000831,0,Cancel,177395207,,,,G
2.000882,0,Insert,177395391,A,400,1470,G
2.000904,0,Insert,177395399,B,1000,1468,G
2.000943,0,Insert,177395407,B,1000,1467,G
2.000971,0,Cancel,177392963,,,,G
2.000985,0,Insert,177395427,A,1000,1485,G
2.001031,0,Insert,177395459,A,1000,1471,G
2.001075,0,Cancel,177393867,,,,G
2.001092,0,Insert,177395523,A,1000,1477,G
2.001204,0,Insert,177395619,B,1000,1468,G
2.001276,0,Cancel,177394503,,,,G
2.001276,0,Insert,177395655,B,2000,1128,G
2.00135,0,Insert,177395687,B,1000,1462,G
2.001503,0,Insert,177395795,B,1000,1468,G
2.001948,0,Cancel,177369539,,,,G
2.00239,0,Cancel,177395619,,,,G
2.002944,0,Insert,177396211,B,1000,1458,G
2.004726,0,Cancel,177395191,,,,G
2.005282,0,Cancel,177395199,,,,G
2.006583,0,Insert,177396891,B,1000,1466,G
2.006876,0,Cancel,177396891,,,,G
2.007906,0,Cancel,177375723,,,,G
2.009271,0,Insert,177397091,A,1000,1520,G
2.00959,0,Cancel,177395271,,,,G
2.009656,0,Cancel,177395391,,,,G
2.009799,0,Insert,177397123,B,1000,1466,G
2.010111,0,Cancel,177397123,,,,G
2.010124,0,Insert,177397151,B,720,1468,G
2.01203,0,Insert,177397403,A,8000,1470,G
2.012035,0,Cancel,177397151,,,,G
2.012229,0,Insert,177397439,B,1000,1466,G
2.012259,0,Insert,177397447,B,720,1468,G
2.012332,0,Cancel,177395655,,,,G
2.012332,0,Insert,177397459,B,2000,1129,G
2.012522,0,Cancel,177397439,,,,G
2.012576,0,Cancel,177395687,,,,G
2.012878,0,Cancel,177395459,,,,G
2.014254,0,Cancel,177397403,,,,G
2.01547,0,Insert,177397611,B,1000,1469,G
2.015506,0,Insert,177397623,B,3000,1466,G
2.01553,0,Insert,177397627,B,1000,1466,G
2.015759,0,Cancel,177395311,,,,G
2.016039,0,Cancel,177395099,,,,G
2.020188,0,Cancel,177383703,,,,G
2.020527,0,Insert,177397995,B,1000,1469,G
2.022341,0,Cancel,177395795,,,,G
2.027028,0,Cancel,177395275,,,,G
2.027058,0,Insert,177398163,A,2000,1480,G
2.027058,0,Insert,177398167,A,1000,1472,G
2.027093,0,Insert,177398171,A,400,1471,G
2.027141,0,Cancel,177395307,,,,G
2.027142,0,Insert,177398187,A,1000,1471,G
2.027342,0,Cancel,177395279,,,,G
2.027342,0,Insert,177398211,A,2000,1817,G
2.027539,0,Cancel,177395095,,,,G
2.027765,0,Cancel,177395427,,,,G
2.027937,0,Cancel,177397627,,,,G
2.028715,0,Cancel,177398211,,,,G
2.028715,0,Insert,177398287,A,2000,1816,G
2.028741,0,Cancel,177397995,,,,G
2.062421,0,Insert,177398763,A,1000,1485,G
2.062447,0,Cancel,177370279,,,,G
2.062447,0,Cancel,177381751,,,,G
2.077648,0,Cancel,177398187,,,,G
2.077653,0,Insert,177399827,A,1000,1470,G
2.077673,0,Insert,177399831,B,1000,1172,G
2.07768,0,Cancel,177398167,,,,G
2.07768,0,Insert,177399835,A,1000,1914,G
2.077691,0,Insert,177399839,A,3000,1473,G
2.077714,0,Insert,177399843,A,400,1470,G
2.077727,0,Cancel,177398171,,,,G
2.077881,0,Cancel,177398163,,,,G
2.122628,0,Cancel,177397447,,,,G
2.122693,0,Insert,4043559,A,500,1469,F
2.12272,0,Insert,177401375,A,1000,1471,G
2.122727,0,Insert,177401383,A,3000,1471,G
2.122751,0,Insert,177401399,A,8000,1470,G
2.123115,0,Cancel,177395399,,,,G
2.12315,0,Cancel,177393735,,,,G
2.123303,0,Cancel,177397611,,,,G
2.123625,0,Insert,177401595,B,1000,1468,G
2.123659,0,Insert,177401603,B,2000,1459,G
2.123661,0,Cancel,177394467,,,,G
2.123728,0,Cancel,177397459,,,,G
2.123728,0,Insert,177401607,B,2000,1128,G
2.124007,0,Insert,177401639,B,1000,1462,G
2.124507,0,Insert,177401727,B,1000,1468,G
2.132574,0,Insert,177402103,B,8000,1468,G
2.153633,0,Insert,177402627,A,1000,1471,G
2.161532,0,Cancel,177401375,,,,G
2.167415,1,Insert,5006882,B,20,1447,G
2.170026,0,Cancel,177401399,,,,G
2.170075,0,Insert,177402939,B,1000,1453,G
2.170098,0,Cancel,177399843,,,,G
2.17013,0,Cancel,177402939,,,,G
2.170154,0,Insert,177402967,A,400,1471,G
2.170161,0,Cancel,177399827,,,,G
2.170188,0,Insert,177402979,B,720,1468,G
2.170228,0,Insert,177403007,B,1000,1469,G
2.170228,0,Insert,177403011,B,1000,1466,G
2.170232,0,Insert,177403015,A,2000,1480,G
2.170245,0,Insert,177403019,B,1000,1469,G
2.170245,0,Cancel,177401639,,,,G
2.170245,0,Insert,177403023,A,1000,1471,G
2.170269,0,Insert,177403051,B,1000,1469,G
2.170304,0,Cancel,177401607,,,,G
2.170304,0,Insert,177403059,B,2000,1129,G
2.170344,0,Cancel,177401603,,,,G
2.170346,0,Cancel,177395067,,,,G
2.170615,0,Insert,177403163,B,1000,1468,G
2.170656,0,Cancel,177398287,,,,G
2.170656,0,Insert,177403175,A,2000,1817,G
2.170772,0,Cancel,177395523,,,,G
2.173934,0,Cancel,177401727,,,,G
2.174536,0,Cancel,177403019,,,,G
2.178513,0,Insert,177403571,B,1000,1454,G
2.180097,0,Insert,177403591,B,1000,1469,G
2.181065,0,Cancel,177401595,,,,G
2.181289,0,Insert,177403655,B,1000,1469,G
2.181313,0,Cancel,177398763,,,,G
2.181502,0,Insert,177403703,B,1000,1469,G
2.187103,0,Cancel,177403655,,,,G
2.189852,0,Insert,177403815,B,1000,1466,G
2.208929,0,Cancel,177403815,,,,G
2.251898,0,Insert,177405815,B,720,1469,G
2.254296,0,Insert,177405947,B,1000,1469,G
2.26362,0,Cancel,177394451,,,,G
2.263659,0,Cancel,177399839,,,,G
2.263699,0,Insert,177406347,B,8000,1469,G
2.263753,0,Insert,177406387,B,1000,1470,G
2.263755,0,Cancel,177402627,,,,G
2.263755,0,Cancel,177401383,,,,G
2.263805,0,Insert,177406431,B,3000,1468,G
2.263805,0,Insert,177406439,A,1000,1472,G
2.263805,0,Cancel,177397623,,,,G
2.263835,0,Cancel,177395211,,,,G
2.263854,0,Cancel,177395203,,,,G
2.263861,0,Cancel,177403059,,,,G
2.263861,0,Insert,177406483,B,2000,1130,G
2.263912,0,Insert,177406503,B,1000,1470,G
2.263917,0,Cancel,177406431,,,,G
2.26392,0,Insert,177406507,A,1000,1472,G
2.263985,0,Insert,177406555,B,1710,1469,G
2.264073,0,Insert,177406623,A,1000,1474,G
2.264077,0,Cancel,177406507,,,,G
2.264129,0,Cancel,177403571,,,,G
2.264307,0,Cancel,177405815,,,,G
2.264394,0,Insert,177406811,A,1000,1472,G
2.264545,0,Insert,177406919,B,1000,1467,G
2.264597,0,Cancel,177393503,,,,G
2.264655,0,Cancel,177406811,,,,G
2.264833,0,Insert,177407163,A,1000,1472,G
2.264844,0,Cancel,177406919,,,,G
2.264966,0,Cancel,177407163,,,,G
2.265052,0,Cancel,177406503,,,,G
2.265141,0,Insert,177407419,B,1000,1466,G
2.26517,0,Cancel,177406347,,,,G
2.265173,0,Insert,177407459,A,1000,1472,G
2.26539,0,Cancel,177407459,,,,G
2.26548,0,Insert,177407595,A,1000,1472,G
2.265828,0,Cancel,177407595,,,,G
2.266055,0,Insert,177407755,B,8000,1469,G
2.267999,0,Cancel,177406555,,,,G
2.272296,0,Insert,177408223,A,1000,1472,G
2.272602,0,Cancel,177407755,,,,G
2.278019,0,Cancel,177408223,,,,G
2.288737,0,Insert,177408683,A,1000,1472,G
2.289078,0,Insert,177408695,A,1000,1475,G
2.289374,0,Cancel,177407419,,,,G
2.289497,0,Cancel,177403591,,,,G
2.28961,0,Insert,177408739,B,1000,1469,G
2.296484,1,Cancel,7028076,,,,
2.296484,1,Cancel,7028077,,,,
2.296484,1,Insert,7028078,A,10000,1476,G
2.296484,1,Insert,7028079,B,10000,1464,G
2.30083,0,Cancel,177408739,,,,G
2.30094,0,Insert,177409123,B,1000,1469,G
2.330717,0,Cancel,177405947,,,,G
2.33074,0,Cancel,177399831,,,,G
2.334316,0,Cancel,177406387,,,,G
2.3421,0,Insert,177409895,B,2000,1460,G
2.34225,0,Cancel,177406483,,,,G
2.34225,0,Insert,177409899,B,2000,1129,G
2.342705,0,Cancel,177409123,,,,G
2.342711,0,Insert,177409915,B,1000,1463,G
2.342738,0,Insert,177409935,A,2000,1473,G
2.349588,0,Cancel,177409935,,,,G
2.349588,0,Insert,177410343,B,1000,1469,G
2.350113,0,Insert,177410407,B,1000,1469,G
2.350143,0,Insert,177410411,A,1000,1472,G
2.350996,0,Cancel,177408683,,,,G
2.357806,0,Insert,177410607,B,1000,1455,G
2.358585,0,Cancel,177409899,,,,G
2.358585,0,Insert,177410659,B,2000,1130,G
2.358878,0,Cancel,177409915,,,,G
2.358914,0,Insert,177410679,B,1000,1470,G
2.358917,0,Insert,177410683,B,1000,1469,G
2.358946,0,Insert,177410691,B,3000,1467,G
2.358948,0,Insert,177410695,B,1000,1470,G
2.358963,0,Insert,177410699,B,8000,1469,G
2.359099,0,Cancel,177409895,,,,G
2.359982,0,Cancel,177410695,,,,G
2.370914,0,Cancel,177410699,,,,G
2.377454,0,Insert,177412947,A,1000,1486,G
2.39967,0,Insert,177413527,B,1000,1466,G
2.407771,0,Insert,177413843,B,8000,1469,G
2.408321,0,Cancel,177410407,,,,G
2.410809,0,Insert,177414215,B,1000,1467,G
2.411822,0,Cancel,177414215,,,,G
2.411849,0,Insert,177414419,B,1000,1173,G
2.418198,0,Cancel,177413843,,,,G
2.424782,0,Cancel,177410683,,,,G
2.427031,0,Insert,177414995,A,1000,1472,G
2.427252,0,Cancel,177410607,,,,G
2.427484,0,Cancel,177413527,,,,G
2.430645,0,Cancel,177410679,,,,G
2.430671,0,Cancel,177410343,,,,G
2.430733,0,Insert,177415083,B,2000,1460,G
2.430892,0,Cancel,177403703,,,,G
2.430993,0,Insert,177415135,A,2000,1473,G
2.430996,0,Cancel,177402979,,,,G
2.431007,0,Cancel,177403011,,,,G
2.431084,0,Insert,177415175,A,1000,1471,G
2.431102,0,Cancel,177410659,,,,G
2.431102,0,Insert,177415183,B,2000,1129,G
2.431138,0,Cancel,177402103,,,,G
2.431173,0,Cancel,177403051,,,,G
2.431215,0,Cancel,177410411,,,,G
2.431218,0,Cancel,177406439,,,,G
2.43123,0,Insert,177415271,A,8000,1470,G
2.431232,0,Insert,177415275,A,710,1471,G
2.431235,0,Cancel,177403023,,,,G
2.43125,0,Insert,177415283,A,1000,1471,G
2.431252,0,Cancel,177406623,,,,G
2.431265,0,Insert,177415295,A,3000,1472,G
2.431312,0,Cancel,177403175,,,,G
2.431312,0,Insert,177415315,A,2000,1816,G
2.431316,0,Cancel,177410691,,,,G
2.431324,0,Cancel,177412947,,,,G
2.431327,0,Insert,177415323,A,400,1470,G
2.431334,0,Insert,177415327,A,1000,1485,G
2.431349,0,Cancel,177402967,,,,G
2.431357,0,Cancel,177403015,,,,G
2.431461,0,Insert,177415359,B,1000,1463,G
2.431466,0,Insert,177415363,A,1000,1470,G
2.431675,0,Insert,177415503,A,1000,1471,G
2.432002,0,Cancel,177403007,,,,G
2.43212,0,Cancel,177415283,,,,G
2.432135,0,Insert,177415759,B,2000,1459,G
2.432356,0,Cancel,177415183,,,,G
2.432356,0,Insert,177415919,B,2000,1128,G
2.432426,0,Insert,177415979,B,1000,1468,G
2.43247,0,Insert,177416011,B,1000,1468,G
2.432536,0,Insert,177416047,B,1000,1462,G
2.432804,0,Insert,177416143,A,1000,1477,G
2.432916,0,Cancel,177415979,,,,G
2.433263,0,Insert,177416303,A,1000,1470,G
2.433617,0,Cancel,177403163,,,,G
2.434551,0,Insert,177416547,B,8000,1467,G
2.434664,0,Insert,177416555,B,1000,1468,G
2.434692,0,Insert,177416559,B,1000,1468,G
2.434692,0,Insert,177416563,B,1000,1468,G
2.434997,0,Cancel,177416303,,,,G
2.43625,0,Cancel,177416555,,,,G
2.438325,0,Insert,177416767,B,1000,1468,G
2.439711,0,Cancel,177416767,,,,G
2.439792,0,Insert,177416847,B,1000,1468,G
2.439912,0,Cancel,177416847,,,,G
2.44025,0,Insert,177416855,B,1000,1468,G
2.444902,0,Cancel,177416855,,,,G
2.459369,1,Insert,5006883,A,71,1463,G
2.483754,0,Insert,177418123,A,1000,1470,G
2.483778,0,Cancel,177384715,,,,G
2.483779,0,Cancel,177384719,,,,G
2.483783,0,Insert,177418127,A,1000,1470,G
2.483822,0,Cancel,177416011,,,,G
2.48385,0,Insert,177418131,A,1000,1767,G
2.483875,0,Insert,177418139,B,1000,1025,G
2.485791,1,Insert,5006884,B,18,1453,G
2.50065,0,Cancel,177416547,,,,G
2.500677,0,Cancel,177416563,,,,G
2.509459,0,Cancel,177416559,,,,G
2.511109,0,Insert,177418771,A,710,1470,G
2.511445,0,Insert,177418795,A,1000,1473,G
2.511746,0,Cancel,177418795,,,,G
2.51962,0,Insert,177418963,A,1000,1470,G
2.519954,0,Insert,177419007,A,1000,1470,G
2.520212,0,Cancel,177418963,,,,G
2.542424,0,Insert,177419463,B,1000,1453,G
2.551246,0,Cancel,177419007,,,,G
2.557071,0,Cancel,177418771,,,,G
2.55713,0,Cancel,177370299,,,,G
2.55713,0,Insert,177419759,A,1000,1474,G
2.606451,1,Cancel,7028078,,,,
2.606451,1,Cancel,7028079,,,,
2.606451,1,Insert,7028080,A,10000,1474,G
2.606451,1,Insert,7028081,B,10000,1462,G
2.606784,0,Insert,177420267,A,710,1470,G
2.609871,0,Cancel,177420267,,,,G
2.629875,0,Cancel,177385487,,,,G
2.656503,0,Cancel,177419759,,,,G
2.694315,0,Insert,177421111,B,8000,1465,G
2.703702,0,Insert,177421203,A,1000,1475,G
2.889957,1,Cancel,7028080,,,,
2.889957,1,Cancel,7028081,,,,
2.889957,1,Insert,7028082,A,10000,1474,G
2.889957,1,Insert,7028083,B,10000,1462,G
3.029269,0,Insert,177425347,B,1000,1465,G
3.029434,0,Insert,177425363,B,8000,1467,G
3.029464,0,Cancel,177418127,,,,G
3.029657,0,Cancel,177415503,,,,G
3.029756,0,Insert,177425471,B,1000,1468,G
3.029759,0,Insert,177425475,B,1000,1468,G
3.029849,0,Cancel,177419463,,,,G
3.029855,0,Insert,177425527,B,1000,1454,G
3.029886,0,Insert,177425531,B,1000,1468,G
3.029915,0,Insert,177425543,A,1000,1471,G
3.030124,0,Insert,177425583,A,1000,1471,G
3.103373,0,Cancel,177425583,,,,G
3.103399,0,Cancel,177399835,,,,G
3.103671,0,Insert,177426439,B,1000,1468,G
3.103696,0,Insert,177426443,A,1000,1913,G
3.103709,0,Insert,177426447,B,8000,1468,G
3.10371,0,Insert,177426451,B,1000,1468,G
3.103739,0,Insert,177426455,A,1000,1471,G
3.103859,0,Cancel,177415271,,,,G
3.103863,0,Cancel,177418123,,,,G
3.103864,0,Cancel,177415295,,,,G
3.103912,0,Cancel,177415323,,,,G
3.103939,0,Cancel,177415275,,,,G
3.103975,0,Insert,177426491,A,400,1471,G
3.104316,0,Insert,177426515,B,1000,1468,G
3.104401,0,Cancel,177415327,,,,G
3.105496,0,Insert,177426739,A,8000,1470,G
3.105574,0,Cancel,177426515,,,,G
3.107419,0,Insert,177426971,A,1000,1471,G
3.107482,0,Cancel,177426447,,,,G
3.107906,0,Cancel,177426439,,,,G
3.108049,0,Insert,177427027,B,1000,1468,G
3.108114,0,Cancel,177427027,,,,G
3.115422,0,Cancel,177426971,,,,G
3.115898,0,Insert,177427319,B,1000,1466,G
3.115943,0,Insert,177427323,B,8000,1468,G
3.11619,0,Cancel,177427319,,,,G
3.116256,0,Insert,177427343,A,1000,1471,G
3.124107,0,Insert,177427411,A,1000,1471,G
3.124134,0,Cancel,177427323,,,,G
3.124212,0,Cancel,177426491,,,,G
3.124394,0,Insert,177427419,A,1000,1485,G
3.136913,0,Cancel,177426451,,,,G
3.136936,0,Cancel,177414419,,,,G
3.136969,0,Insert,177427615,A,400,1470,G
3.136994,0,Insert,177427619,B,1000,1171,G
3.143066,1,Cancel,7028082,,,,
3.143066,1,Cancel,7028083,,,,
3.143066,1,Insert,7028084,A,10000,1475,G
3.143066,1,Insert,7028085,B,10000,1463,G
3.201868,0,Cancel,177427411,,,,G
3.202046,0,Insert,177427915,B,1000,1468,G
3.202358,0,Insert,177427923,B,8000,1468,G
3.20435,0,Cancel,177416047,,,,G
3.204453,0,Insert,177428303,B,1000,1468,G
3.204455,0,Cancel,177415919,,,,G
3.204455,0,Insert,177428307,B,2000,1129,G
3.204485,0,Insert,177428311,A,1000,1471,G
3.204605,0,Cancel,177428307,,,,G
3.204605,0,Insert,177428319,B,2000,1128,G
3.209702,0,Cancel,177415135,,,,G
3.209726,0,Insert,177428391,B,1000,1469,G
3.209765,0,Insert,177428407,B,3000,1466,G
3.209805,0,Cancel,177428319,,,,G
3.209805,0,Insert,177428415,B,2000,1129,G
3.209819,0,Insert,177428423,B,2000,1469,G
3.209827,0,Cancel,177415759,,,,G
3.209847,0,Insert,177428427,B,1000,1469,G
3.209895,0,Insert,177428435,B,1000,1466,G
3.21007,0,Insert,177428459,B,1000,1469,G
3.210162,0,Cancel,177426739,,,,G
3.210219,0,Cancel,177427615,,,,G
3.210277,0,Insert,177428491,A,400,1471,G
3.210389,0,Insert,177428507,B,1000,1469,G
3.210416,0,Cancel,177415175,,,,G
3.210965,0,Cancel,177416143,,,,G
3.227132,0,Cancel,177427915,,,,G
3.227154,0,Cancel,177426443,,,,G
3.227156,0,Cancel,177428507,,,,G
3.237648,0,Cancel,177428435,,,,G
3.237673,0,Insert,177428923,A,1000,1914,G
3.260117,0,Cancel,177428459,,,,G
3.260179,0,Insert,177429051,A,400,1470,G
3.260195,0,Cancel,177428491,,,,G
3.260205,0,Cancel,177428427,,,,G
3.260792,0,Cancel,177427619,,,,G
3.396658,1,Insert,5006885,B,93,1476,G
3.411456,0,Insert,177431267,A,2000,1473,G
3.411483,0,Insert,177431271,B,1000,1172,G
3.411531,0,Insert,177431287,A,8000,1470,G
3.411533,0,Cancel,177428423,,,,G
3.413475,0,Cancel,177428391,,,,G
3.413602,0,Insert,177431451,B,2000,1459,G
3.413746,0,Insert,177431463,B,1000,1468,G
3.413809,0,Insert,177431475,A,1000,1471,G
3.413943,0,Cancel,177428415,,,,G
3.413943,0,Insert,177431491,B,2000,1128,G
3.414002,0,Insert,177431495,B,1000,1462,G
3.414266,0,Insert,177431555,B,1000,1468,G
3.415039,0,Cancel,177431475,,,,G
3.415049,0,Cancel,177431287,,,,G
3.41511,0,Cancel,177429051,,,,G
3.415164,0,Insert,177431707,A,400,1471,G
3.424712,0,Insert,177431883,B,300,1379,G
3.444462,0,Insert,177432631,A,8000,1470,G
3.444952,0,Cancel,177431463,,,,G
3.491655,1,Cancel,7028084,,,,
3.491655,1,Cancel,7028085,,,,
3.491655,1,Insert,7028086,A,10000,1475,G
3.491655,1,Insert,7028087,B,10000,1463,G
3.536786,0,Cancel,177427923,,,,G
3.536803,0,Cancel,177425527,,,,G
3.536807,0,Cancel,177431271,,,,G
3.536807,0,Cancel,177428923,,,,G
3.537133,0,Insert,177433611,A,1000,1471,G
3.537157,0,Insert,177433615,B,1000,1171,G
3.537183,0,Insert,177433623,A,1000,1913,G
3.541554,0,Cancel,177425543,,,,G
3.541556,0,Cancel,177427343,,,,G
3.541558,0,Cancel,177426455,,,,G
3.541561,0,Cancel,177428311,,,,G
3.541591,0,Insert,177433771,A,1000,1470,G
3.54162,0,Cancel,177431555,,,,G
3.552037,0,Cancel,177433611,,,,G
3.552068,0,Insert,177434083,B,8000,1468,G
3.571048,0,Insert,177434227,A,1000,1471,G
3.574253,0,Insert,177434259,B,1000,1468,G
3.586216,0,Insert,177434395,A,1000,1471,G
3.609602,0,Insert,177434683,A,1000,1471,G
3.614323,0,Cancel,177434083,,,,G
3.614351,0,Insert,177434871,A,1000,1471,G
3.625573,1,Insert,5006886,A,78,1489,G
3.626724,0,Insert,177434935,B,8000,1468,G
3.626769,0,Insert,177434939,B,1000,1453,G
3.632065,0,Cancel,177434871,,,,G
3.632465,0,Cancel,177432631,,,,G
3.632476,0,Cancel,177434939,,,,G
3.63254,0,Cancel,177433771,,,,G
3.642584,1,Insert,5006887,A,17,1463,G
3.643768,0,Insert,177435303,A,8000,1470,G
3.643769,0,Insert,177435307,A,1000,1471,G
3.643787,0,Insert,177435319,B,1000,1454,G
3.682211,0,Cancel,177435303,,,,G
3.715462,0,Insert,177436091,A,1000,1477,G
3.73219,0,Insert,177436183,A,2000,1481,G
3.766699,0,Insert,177436491,A,8000,1470,G
3.766702,0,Insert,177436495,A,1000,1471,G
3.76687,0,Cancel,177434935,,,,G
3.766962,0,Cancel,177434259,,,,G
3.767585,0,Cancel,177435319,,,,G
3.777109,0,Cancel,177425531,,,,G
3.784281,0,Cancel,177415363,,,,G
3.784458,0,Insert,177436967,B,1000,1468,G
3.784472,0,Insert,177436971,A,1000,1470,G
3.784499,0,Cancel,177434395,,,,G
3.784501,0,Cancel,177435307,,,,G
3.784504,0,Cancel,177434683,,,,G
3.784504,0,Cancel,177434227,,,,G
3.784514,0,Cancel,177436967,,,,G
3.784541,0,Insert,177436975,A,1000,1470,G
3.784683,0,Insert,177436991,B,1000,1468,G
3.784761,0,Cancel,177415315,,,,G
3.784761,0,Insert,177437019,A,2000,1815,G
3.784777,0,Cancel,177436991,,,,G
3.785384,0,Cancel,177427419,,,,G
3.785391,0,Cancel,177425471,,,,G
3.785603,0,Cancel,177425347,,,,G
3.785614,0,Cancel,177428407,,,,G
3.785665,0,Cancel,177425363,,,,G
3.785832,0,Insert,177437215,A,710,1470,G
3.785864,0,Insert,177437223,A,1000,1470,G
3.785887,0,Insert,177437239,A,400,1470,G
3.785892,0,Cancel,177425475,,,,G
3.786002,0,Cancel,177431707,,,,G
3.786285,0,Insert,177437343,A,1000,1470,G
3.786356,0,Cancel,177428303,,,,G
3.78636,0,Insert,177437387,A,2000,1472,G
3.786835,0,Insert,177437687,B,2000,1458,G
3.786926,0,Cancel,177388867,,,,G
3.786979,0,Cancel,177395407,,,,G
3.787307,0,Cancel,177431491,,,,G
3.787307,0,Insert,177437923,B,2000,1127,G
3.787336,0,Insert,177437959,B,1000,1466,G
3.787573,0,Insert,177438067,A,1000,1474,G
3.787728,0,Cancel,177361791,,,,G
3.788669,0,Insert,177438255,B,1000,1467,G
3.788696,0,Insert,177438263,B,1000,1467,G
3.79116,0,Insert,177438335,A,1000,1473,G
3.791162,0,Cancel,177438263,,,,G
3.791162,0,Cancel,177437343,,,,G
3.791178,0,Insert,177438343,A,1000,1473,G
3.79128,0,Cancel,177437019,,,,G
3.79128,0,Insert,177438351,A,2000,1816,G
3.791281,0,Insert,177438355,A,1000,1470,G
3.794024,0,Insert,177438395,A,1000,1470,G
3.794115,0,Cancel,177436971,,,,G
3.79412,0,Insert,177438411,A,1000,1469,G
3.794146,0,Cancel,177438335,,,,G
3.794152,0,Insert,177438415,A,3000,1472,G
3.794181,0,Insert,177438423,A,400,1469,G
3.794194,0,Cancel,177437239,,,,G
3.794197,0,Cancel,177438351,,,,G
3.794197,0,Insert,177438431,A,2000,1815,G
3.794241,0,Cancel,177438255,,,,G
3.794246,0,Insert,177438443,A,8000,1469,G
3.794771,0,Insert,177438551,B,1000,1467,G
3.79479,0,Insert,177438583,A,1000,1472,G
3.794929,0,Insert,177438655,A,180,1469,G
3.794929,0,Cancel,177438551,,,,G
3.794933,0,Insert,177438659,B,1000,1461,G
3.794971,0,Insert,177438671,A,1000,1469,G
3.795032,0,Cancel,177414995,,,,G
3.795053,0,Insert,177438687,B,1000,1467,G
3.795068,0,Cancel,177436975,,,,G
3.795074,0,Insert,177438695,A,8000,1468,G
3.795076,0,Cancel,177373051,,,,G
3.795097,0,Cancel,177438583,,,,G
3.795115,0,Insert,177438715,B,1000,1467,G
3.795115,0,Insert,177438719,A,3000,1471,G
3.795115,0,Cancel,177438415,,,,G
3.795148,0,Cancel,177438431,,,,G
3.795148,0,Insert,177438735,A,2000,1814,G
3.79559,0,Cancel,177438687,,,,G
3.79586,0,Cancel,177437959,,,,G
3.796396,0,Insert,177438923,A,1000,1471,G
3.796686,0,Cancel,177438923,,,,G
3.796768,0,Cancel,177372879,,,,G
3.796768,0,Insert,177438935,A,1000,1476,G
3.797759,0,Cancel,177438655,,,,G
3.798192,0,Cancel,177438695,,,,G
3.798219,0,Insert,177439007,A,1000,1470,G
3.798223,0,Insert,177439011,B,1000,1467,G
3.798223,0,Insert,177439015,B,1000,1464,G
3.798276,0,Cancel,177438671,,,,G
3.79829,0,Insert,177439023,A,1000,1472,G
3.798295,0,Insert,177439027,A,2000,1478,G
3.798384,0,Cancel,177438935,,,,G
3.798411,0,Insert,177439039,B,1000,1467,G
3.798483,0,Cancel,177438735,,,,G
3.798483,0,Insert,177439051,A,2000,1815,G
3.798688,0,Insert,177439063,B,1000,1467,G
3.798737,0,Cancel,177438395,,,,G
3.798831,0,Cancel,177438343,,,,G
3.799171,0,Cancel,177437223,,,,G
3.799204,0,Insert,177439111,B,8000,1467,G
3.799206,0,Cancel,177438411,,,,G
3.79921,0,Insert,177439115,A,1000,1468,G
3.799236,0,Cancel,177439007,,,,G
3.799276,0,Insert,177439123,A,400,1468,G
3.799276,0,Cancel,177439023,,,,G
3.799291,0,Cancel,177439051,,,,G
3.799291,0,Insert,177439127,A,2000,1814,G
3.799291,0,Cancel,177438423,,,,G
3.7993,0,Cancel,177439027,,,,G
3.799777,0,Insert,177439143,B,1000,1465,G
3.800228,1,Cancel,7028086,,,,
3.800228,1,Cancel,7028087,,,,
3.800228,1,Insert,7028088,A,10000,1474,G
3.800228,1,Insert,7028089,B,10000,1462,G
3.802308,0,Insert,177439171,B,1000,1466,G
3.802611,0,Cancel,177439171,,,,G
3.802633,0,Cancel,177418139,,,,G
3.803139,0,Cancel,177439111,,,,G
3.803165,0,Insert,177439183,B,1000,1023,G
3.803441,0,Insert,177439191,A,8000,1468,G
3.803698,0,Cancel,177439063,,,,G
3.80375,0,Insert,177439199,A,1000,1470,G
3.803767,0,Cancel,177397091,,,,G
3.804425,0,Insert,177439211,A,1000,1518,G
3.80614,0,Cancel,177439191,,,,G
3.806193,0,Cancel,177439123,,,,G
3.80677,0,Cancel,177439199,,,,G
3.806788,0,Cancel,177439115,,,,G
3.806813,0,Insert,177439303,A,1000,1472,G
3.806816,0,Insert,177439307,A,2000,1478,G
3.806837,0,Insert,177439311,A,1000,1469,G
3.806865,0,Cancel,177439127,,,,G
3.806865,0,Insert,177439315,A,2000,1815,G
3.807291,0,Cancel,177438443,,,,G
3.807302,0,Insert,177439327,B,720,1467,G
3.807561,0,Insert,177439367,B,1000,1467,G
3.807983,0,Cancel,177437215,,,,G
3.808016,0,Insert,177439371,B,8000,1467,G
3.809748,0,Cancel,177437387,,,,G
3.81065,0,Insert,177439455,B,1000,1467,G
3.821956,0,Insert,177439539,A,2000,1470,G
3.821974,0,Cancel,177437923,,,,G
3.821974,0,Insert,177439543,B,2000,1128,G
3.821993,0,Cancel,177438659,,,,G
3.822007,0,Insert,177439547,A,400,1470,G
3.822056,0,Cancel,177439371,,,,G
3.837295,0,Cancel,177439455,,,,G
3.837568,0,Insert,177439807,B,1000,1466,G
3.845621,0,Insert,177440067,A,8000,1469,G
3.845626,0,Cancel,177439327,,,,G
3.845685,0,Insert,177440075,A,400,1469,G
3.845697,0,Cancel,177439547,,,,G
3.86242,0,Insert,177440259,B,1000,1452,G
3.88005,0,Insert,177440463,A,1000,1470,G
3.8909,0,Insert,177440535,A,2000,1472,G
3.890923,0,Cancel,177433615,,,,G
3.890924,0,Cancel,177433623,,,,G
3.890995,0,Insert,177440539,A,1000,1484,G
3.899715,0,Cancel,177439367,,,,G
3.899741,0,Insert,177440667,B,1000,1170,G
3.902432,0,Cancel,177440463,,,,G
3.902708,0,Cancel,177440067,,,,G
3.902717,0,Cancel,177440535,,,,G
3.902724,0,Cancel,177440259,,,,G
3.902764,0,Insert,177440727,B,1000,1453,G
3.902764,0,Cancel,177440075,,,,G
3.90282,0,Insert,177440747,A,400,1470,G
3.905133,0,Insert,177441119,A,8000,1469,G
3.905139,0,Insert,177441123,A,1000,1470,G
3.905158,0,Cancel,177440727,,,,G
3.905444,0,Cancel,177440747,,,,G
3.90709,0,Insert,177441171,A,2000,1472,G
3.907111,0,Cancel,177418131,,,,G
3.907115,0,Insert,177441175,A,1000,1912,G
3.91169,0,Cancel,177441123,,,,G
3.91169,0,Cancel,177441171,,,,G
3.911716,0,Insert,177441287,A,1000,1766,G
3.911726,0,Insert,177441295,B,8000,1467,G
3.911754,0,Insert,177441303,A,1000,1470,G
3.912825,0,Cancel,177441295,,,,G
3.912848,0,Insert,177441375,B,720,1467,G
3.912865,0,Cancel,177441119,,,,G
3.912936,0,Cancel,177439311,,,,G
3.912971,0,Insert,177441423,B,8000,1467,G
3.913003,0,Insert,177441431,B,1000,1468,G
3.913036,0,Insert,177441439,B,3000,1465,G
3.913043,0,Insert,177441447,B,1000,1465,G
3.913114,0,Insert,177441455,A,1000,1473,G
3.913119,0,Cancel,177437687,,,,G
3.913119,0,Insert,177441463,B,2000,1468,G
3.91312,0,Insert,177441471,A,1000,1470,G
3.913124,0,Insert,177441475,A,2000,1479,G
3.913149,0,Cancel,177438355,,,,G
3.91317,0,Insert,177441491,B,1000,1468,G
3.913322,0,Cancel,177441491,,,,G
3.913613,0,Cancel,177439315,,,,G
3.913613,0,Insert,177441551,A,2000,1816,G
3.913736,0,Insert,177441575,B,1000,1468,G
3.913751,0,Insert,177441579,B,1000,1468,G
3.913815,0,Insert,177441607,B,1000,1468,G
3.914332,0,Insert,177441671,B,8000,1468,G
3.91477,0,Cancel,177438719,,,,G
3.914806,0,Cancel,177439211,,,,G
3.914927,0,Cancel,177440539,,,,G
3.915031,0,Cancel,177436495,,,,G
3.915125,0,Insert,177441843,B,1000,1466,G
3.915422,0,Cancel,177441843,,,,G
3.915525,0,Insert,177442039,A,1000,1520,G
3.915561,0,Insert,177442051,A,1000,1471,G
3.915814,0,Cancel,177442051,,,,G
3.915823,0,Insert,177442115,B,1000,1468,G
3.916018,0,Insert,177442195,A,1000,1471,G
3.916441,0,Cancel,177441671,,,,G
3.916448,0,Cancel,177442115,,,,G
3.91663,0,Cancel,177441607,,,,G
3.916852,0,Insert,177442351,B,1000,1468,G
3.918582,0,Cancel,177442351,,,,G
3.918712,0,Insert,177442455,B,1000,1468,G
3.920695,0,Cancel,177442455,,,,G
3.920983,0,Cancel,177441579,,,,G
3.921778,0,Insert,177442595,B,1000,1468,G
3.922443,0,Cancel,177442595,,,,G
3.923033,0,Insert,177442687,B,1000,1468,G
3.926173,0,Insert,177442775,B,1000,1453,G
3.929398,0,Cancel,177442687,,,,G
3.929456,0,Insert,177442859,A,400,1470,G
3.929484,0,Insert,177442863,A,1000,1470,G
3.929664,0,Cancel,177441575,,,,G
3.930012,0,Cancel,177441447,,,,G
3.930039,0,Cancel,177441431,,,,G
3.934532,0,Insert,177443043,B,1000,1465,G
3.937747,0,Cancel,177441423,,,,G
3.938029,0,Cancel,177443043,,,,G
3.970935,0,Cancel,177441375,,,,G
3.970938,0,Insert,177443515,A,720,1470,G
4.07017,0,Insert,177445423,A,1000,1470,G
4.070172,0,Insert,177445427,A,2000,1472,G
4.070211,0,Insert,177445439,A,1000,1484,G
4.070221,0,Insert,177445455,A,8000,1469,G
4.070232,0,Cancel,177441471,,,,G
4.070253,0,Insert,177445479,A,3000,1471,G
4.07028,0,Cancel,177441463,,,,G
4.07028,0,Cancel,177441475,,,,G
4.070285,0,Insert,177445487,A,400,1469,G
4.070295,0,Cancel,177441455,,,,G
4.070299,0,Cancel,177442859,,,,G
4.07031,0,Cancel,177441551,,,,G
4.07031,0,Insert,177445495,A,2000,1815,G
4.070404,0,Insert,177445515,B,2000,1458,G
4.070628,0,Cancel,177442775,,,,G
4.07087,0,Cancel,177439543,,,,G
4.07087,0,Insert,177445627,B,2000,1127,G
4.071154,0,Insert,177445695,B,1000,1467,G
4.071227,0,Insert,177445711,B,1000,1461,G
4.078526,0,Cancel,177445423,,,,G
4.081445,0,Cancel,177445455,,,,G
4.081451,0,Cancel,177445427,,,,G
4.0815,0,Cancel,177445487,,,,G
4.081656,0,Insert,177445979,A,2000,1479,G
4.081704,0,Insert,177445983,A,1000,1470,G
4.08173,0,Insert,177445991,A,1000,1470,G
4.081749,0,Insert,177445995,A,1000,1473,G
4.082049,0,Cancel,177445495,,,,G
4.082049,0,Insert,177446015,A,2000,1816,G
4.087484,0,Insert,177446119,A,1000,1470,G
4.0897,0,Cancel,177446119,,,,G
4.089956,0,Insert,177446347,B,8000,1467,G
4.089984,0,Insert,177446351,A,1000,1470,G
4.10077,1,Cancel,7028088,,,,
4.10077,1,Cancel,7028089,,,,
4.10077,1,Insert,7028090,A,10000,1474,G
4.10077,1,Insert,7028091,B,10000,1462,G
4.101006,0,Insert,177446847,B,1000,1468,G
4.101032,0,Cancel,177445711,,,,G
4.101033,0,Cancel,177443515,,,,G
4.101034,0,Cancel,177445991,,,,G
4.101047,0,Insert,177446851,B,1000,1468,G
4.101065,0,Insert,177446855,A,400,1470,G
4.101083,0,Cancel,177445627,,,,G
4.101083,0,Insert,177446859,B,2000,1128,G
4.101103,0,Cancel,177445515,,,,G
4.101531,0,Insert,177446891,B,2000,1468,G
4.10179,0,Cancel,177445479,,,,G
4.101833,0,Insert,177446927,B,1000,1465,G
4.102283,0,Insert,177447003,B,1000,1468,G
4.102286,0,Insert,177447007,B,1000,1468,G
4.102287,0,Insert,177447011,B,1000,1468,G
4.102297,0,Cancel,177445439,,,,G
4.102316,0,Cancel,177442863,,,,G
4.121517,0,Cancel,177445983,,,,G
4.121519,0,Cancel,177447003,,,,G
4.121752,0,Cancel,177446851,,,,G
4.121782,0,Cancel,177446847,,,,G
4.122882,0,Cancel,177446927,,,,G
4.124978,0,Cancel,177445695,,,,G
4.125008,0,Insert,177447483,B,1000,1468,G
4.12518,0,Insert,177447487,B,1000,1465,G
4.125249,0,Insert,177447491,A,1000,1470,G
4.158124,0,Cancel,177447483,,,,G
4.158147,0,Cancel,177440667,,,,G
4.158158,0,Cancel,177447487,,,,G
4.158244,0,Cancel,177447007,,,,G
4.159993,1,Insert,5006888,A,20,1472,G
4.171245,0,Insert,177448131,B,1000,1468,G
4.171285,0,Insert,177448139,B,8000,1468,G
4.171311,0,Insert,177448147,B,1000,1468,G
4.171319,0,Insert,177448151,B,1000,1465,G
4.181997,0,Cancel,177448139,,,,G
4.182021,0,Insert,177448279,B,1000,1171,G
4.222418,0,Insert,177448635,B,1000,1453,G
4.222439,0,Cancel,177441287,,,,G
4.252421,0,Insert,177449299,A,1000,1485,G
4.252445,0,Insert,177449303,A,1000,1767,G
4.306864,0,Cancel,177442195,,,,G
4.306887,0,Cancel,177439183,,,,G
4.307008,0,Insert,177449871,B,8000,1468,G
4.307031,0,Insert,177449883,B,1000,1025,G
4.307094,0,Insert,177449899,B,1000,1468,G
4.307127,0,Cancel,177448635,,,,G
4.307134,0,Insert,177449911,B,1000,1454,G
4.307431,0,Insert,177449975,B,1000,1466,G
4.3076,0,Cancel,177446859,,,,G
4.3076,0,Insert,177449991,B,2000,1129,G
4.307647,0,Cancel,177449991,,,,G
4.307647,0,Insert,177450003,B,2000,1128,G
4.307726,0,Cancel,177449975,,,,G
4.307889,0,Cancel,177431495,,,,G
4.30799,0,Insert,177450067,B,1000,1462,G
4.310608,0,Cancel,177438067,,,,G
4.394355,0,Insert,177451443,A,1000,1471,G
4.394376,0,Cancel,177441175,,,,G
4.402094,1,Cancel,7028090,,,,
4.402094,1,Cancel,7028091,,,,
4.402094,1,Insert,7028092,A,10000,1475,G
4.402094,1,Insert,7028093,B,10000,1463,G
4.402302,0,Cancel,177449871,,,,G
4.402327,0,Insert,177452155,A,1000,1913,G
4.402671,0,Cancel,177449911,,,,G
4.4027,0,Cancel,177448151,,,,G
4.402745,0,Insert,177452199,B,1000,1465,G
4.402862,0,Cancel,177449899,,,,G
4.407039,0,Cancel,177451443,,,,G
4.407159,0,Insert,177452355,B,8000,1468,G
4.407528,0,Insert,177452371,B,1000,1466,G
4.40785,0,Cancel,177452371,,,,G
4.410274,0,Insert,177452419,A,1000,1471,G
4.410281,0,Cancel,177452355,,,,G
4.432424,0,Insert,177453011,B,1000,1453,G
4.475028,0,Cancel,177448131,,,,G
4.475055,0,Cancel,177447011,,,,G
4.475253,0,Cancel,177448147,,,,G
4.475257,0,Insert,177453675,A,1000,1474,G
4.48303,0,Cancel,177452199,,,,G
4.483075,0,Insert,177453855,B,1000,1465,G
4.4833,0,Cancel,177447491,,,,G
4.483483,0,Cancel,177446347,,,,G
4.483703,0,Insert,177453943,A,730,1470,G
4.483736,0,Insert,177453963,A,1000,1470,G
4.483773,0,Cancel,177453855,,,,G
4.484035,0,Cancel,177449299,,,,G
4.484041,0,Insert,177454007,A,1000,1484,G
4.484346,0,Insert,177454023,A,1000,1470,G
4.487208,1,Insert,5006889,A,19,1458,G
4.490991,0,Cancel,177439143,,,,G
4.496591,0,Insert,177454435,A,1000,1473,G
4.497192,0,Insert,177454459,A,2000,1472,G
4.502092,0,Cancel,177454459,,,,G
4.521356,0,Cancel,177454435,,,,G
4.521531,0,Cancel,177453943,,,,G
4.521624,0,Cancel,177454023,,,,G
4.522704,0,Insert,177454995,A,1000,1470,G
4.52296,0,Insert,177454999,A,1000,1470,G
4.522985,0,Insert,177455003,A,1000,1470,G
4.524608,0,Insert,177455059,A,1000,1476,G
4.524638,0,Insert,177455063,A,1000,1473,G
4.532016,0,Insert,177455151,A,8000,1469,G
4.532021,0,Insert,177455159,A,740,1470,G
4.532055,0,Insert,177455179,A,3000,1471,G
4.53208,0,Insert,177455187,A,400,1469,G
4.532091,0,Cancel,177446855,,,,G
4.532096,0,Cancel,177446015,,,,G
4.532096,0,Insert,177455195,A,2000,1815,G
4.532205,0,Cancel,177445995,,,,G
4.532219,0,Cancel,177445979,,,,G
4.532219,0,Insert,177455199,A,2000,1472,G
4.533422,0,Cancel,177446891,,,,G
4.533628,0,Insert,177455287,B,2000,1458,G
4.533904,0,Cancel,177450003,,,,G
4.533904,0,Insert,177455319,B,2000,1127,G
4.533946,0,Insert,177455327,B,1000,1461,G
4.533952,0,Insert,177455331,B,1000,1467,G
4.543342,0,Cancel,177455151,,,,G
4.543398,0,Cancel,177455187,,,,G
4.543553,0,Insert,177455571,A,2000,1479,G
4.543563,0,Cancel,177454995,,,,G
4.543565,0,Insert,177455575,A,1000,1469,G
4.543652,0,Cancel,177455571,,,,G
4.543652,0,Cancel,177454999,,,,G
4.544865,0,Insert,177455611,A,8000,1469,G
4.544871,0,Insert,177455619,A,1000,1470,G
4.545021,0,Cancel,177453011,,,,G
4.551841,0,Cancel,177455619,,,,G
4.551862,0,Cancel,177448279,,,,G
4.560067,0,Cancel,177455611,,,,G
4.560091,0,Insert,177455799,B,1000,1170,G
4.560121,0,Insert,177455803,A,400,1470,G
4.576594,0,Cancel,177455063,,,,G
4.577842,0,Cancel,177455199,,,,G
4.601176,0,Insert,177456347,A,2000,1472,G
4.601198,0,Cancel,177449883,,,,G
4.601676,0,Insert,177456459,A,1000,1470,G
4.601702,0,Insert,177456467,B,1000,1024,G
4.619783,0,Cancel,177455159,,,,G
4.632266,0,Cancel,177439039,,,,G
4.632279,0,Insert,177456955,A,8000,1469,G
4.632589,0,Insert,177456999,A,400,1469,G
4.632601,0,Cancel,177455803,,,,G
4.632606,0,Cancel,177455331,,,,G
4.632845,0,Insert,177457035,A,1000,1469,G
4.632923,0,Cancel,177439011,,,,G
4.633528,0,Cancel,177439015,,,,G
4.633907,0,Insert,177457079,B,1000,1457,G
4.635137,0,Cancel,177438715,,,,G
4.635919,0,Insert,177457743,A,1000,1473,G
4.636031,0,Insert,177457795,A,740,1469,G
4.637043,0,Insert,177458175,A,1000,1469,G
4.638082,0,Insert,177458363,B,1000,1459,G
4.63878,0,Insert,177458479,A,1000,1469,G
4.638835,0,Insert,177458535,A,1000,1472,G
4.639174,0,Insert,177458635,B,2000,1457,G
4.639307,0,Cancel,177439807,,,,G
4.639582,0,Insert,177458695,B,1000,1466,G
4.639657,0,Insert,177458739,B,1000,1465,G
4.639774,0,Cancel,177455319,,,,G
4.639774,0,Insert,177458759,B,2000,1126,G
4.639839,0,Insert,177458763,B,1000,1466,G
4.639848,0,Insert,177458767,B,1000,1463,G
4.639866,0,Insert,177458775,B,1000,1466,G
4.639867,0,Insert,177458779,B,1000,1466,G
4.639914,0,Cancel,177458479,,,,G
4.640018,0,Cancel,177458175,,,,G
4.640095,0,Cancel,177458535,,,,G
4.640759,0,Cancel,177458759,,,,G
4.640759,0,Insert,177458991,B,2000,1127,G
4.64352,0,Insert,177459123,A,8000,1468,G
4.643528,0,Cancel,177441303,,,,G
4.643528,0,Cancel,177439539,,,,G
4.643528,0,Cancel,177446351,,,,G
4.64353,0,Cancel,177455575,,,,G
4.643551,0,Insert,177459151,B,1000,1466,G
4.643559,0,Insert,177459155,A,1000,1469,G
4.643565,0,Insert,177459167,A,1000,1469,G
4.643578,0,Insert,177459179,A,400,1468,G
4.643591,0,Cancel,177456999,,,,G
4.643602,0,Cancel,177455195,,,,G
4.643602,0,Insert,177459187,A,2000,1814,G
4.643624,0,Cancel,177439303,,,,G
4.64365,0,Cancel,177439307,,,,G
4.643893,0,Cancel,177458991,,,,G
4.643893,0,Insert,177459215,B,2000,1126,G
4.644177,0,Cancel,177459151,,,,G
4.64418,0,Insert,177459259,B,1000,1460,G
4.651259,0,Cancel,177442039,,,,G
4.651281,0,Cancel,177452155,,,,G
4.652732,0,Insert,177459511,A,1000,1518,G
4.652756,0,Insert,177459515,A,1000,1911,G
4.655016,0,Cancel,177441439,,,,G
4.655026,0,Cancel,177458695,,,,G
4.664346,0,Insert,177459891,B,8000,1464,G
4.666757,0,Insert,177459923,A,1000,1469,G
4.672426,0,Insert,177459991,B,1000,1452,G
4.702177,1,Cancel,7028092,,,,
4.702177,1,Cancel,7028093,,,,
4.702177,1,Insert,7028094,A,10000,1473,G
4.702177,1,Insert,7028095,B,10000,1461,G
4.720776,0,Insert,177460335,B,8000,1466,G
4.720808,0,Insert,177460339,A,2000,1469,G
4.720865,0,Cancel,177459155,,,,G
4.729072,0,Cancel,177457795,,,,G
4.729095,0,Cancel,177456467,,,,G
4.729119,0,Insert,177460443,B,1000,1466,G
4.729119,0,Insert,177460447,B,750,1466,G
4.729145,0,Insert,177460451,B,1000,1023,G
4.729592,0,Cancel,177459259,,,,G
4.729667,0,Cancel,177458763,,,,G
4.737535,0,Cancel,177459123,,,,G
4.737597,0,Cancel,177459179,,,,G
4.737632,0,Insert,177460595,B,1000,1464,G
4.737636,0,Insert,177460603,A,2000,1478,G
4.737656,0,Insert,177460607,A,400,1469,G
4.737858,0,Insert,177460639,A,1000,1472,G
4.738093,0,Cancel,177459187,,,,G
4.738093,0,Insert,177460651,A,2000,1815,G
4.745906,0,Insert,177460775,B,1000,1467,G
4.745933,0,Insert,177460783,B,1000,1467,G
4.745944,0,Insert,177460787,B,1000,1467,G
4.745947,0,Insert,177460795,B,3000,1464,G
4.74596,0,Insert,177460803,B,1000,1467,G
4.745985,0,Cancel,177459215,,,,G
4.745985,0,Insert,177460815,B,2000,1127,G
4.746095,0,Cancel,177458635,,,,G
4.746103,0,Cancel,177457035,,,,G
4.773362,0,Insert,177462143,B,2000,1467,G
4.773384,0,Cancel,177459515,,,,G
4.773562,0,Cancel,177456459,,,,G
4.773645,0,Insert,177462247,A,1000,1469,G
4.778329,0,Insert,177462399,A,1000,1470,G
4.77844,0,Cancel,177462143,,,,G
4.805212,0,Cancel,177460803,,,,G
4.805234,0,Cancel,177460775,,,,G
4.810184,0,Insert,177463167,B,2000,1467,G
4.894741,0,Insert,177465415,B,1000,1467,G
4.894766,0,Cancel,177449303,,,,G
4.894768,0,Insert,177465419,A,1000,1912,G
4.895025,0,Insert,177465423,B,1000,1464,G
4.895049,0,Insert,177465427,A,1000,1766,G
4.920005,0,Cancel,177465415,,,,G
4.927445,0,Insert,177465871,B,1000,1467,G
4.967721,0,Cancel,177456955,,,,G
4.967727,0,Cancel,177462399,,,,G
4.96778,0,Cancel,177460443,,,,G
4.96783,0,Insert,177468483,B,1000,1467,G
4.96803,0,Insert,177468543,A,1000,1470,G
4.968071,0,Cancel,177462247,,,,G
4.968098,0,Insert,177468583,B,8000,1467,G
4.968161,0,Cancel,177468543,,,,G
4.968161,0,Cancel,177455327,,,,G
4.968288,0,Cancel,177460815,,,,G
4.968288,0,Insert,177468727,B,2000,1128,G
4.968395,0,Insert,177468807,A,1000,1470,G
4.968465,0,Cancel,177459167,,,,G
4.968465,0,Cancel,177460339,,,,G
4.968465,0,Cancel,177459923,,,,G
4.968499,0,Insert,177468879,A,2000,1470,G
4.96855,0,Cancel,177459991,,,,G
4.968584,0,Cancel,177460651,,,,G
4.968584,0,Insert,177468927,A,2000,1816,G
4.968602,0,Insert,177468935,B,1000,1461,G
4.968634,0,Cancel,177468727,,,,G
4.968634,0,Insert,177468951,B,2000,1127,G
4.968663,0,Cancel,177455179,,,,G
4.968686,0,Cancel,177465871,,,,G
4.968816,0,Cancel,177468951,,,,G
4.968816,0,Insert,177469035,B,2000,1128,G
4.968818,0,Insert,177469039,B,1000,1467,G
4.968879,0,Cancel,177469035,,,,G
4.968879,0,Insert,177469083,B,2000,1127,G
4.968897,0,Cancel,177469039,,,,G
4.968986,0,Insert,177469139,A,8000,1469,G
4.969041,0,Insert,177469159,A,1000,1469,G
4.969117,0,Cancel,177468583,,,,G
4.969121,0,Cancel,177468927,,,,G
4.969121,0,Insert,177469195,A,2000,1815,G
4.969131,0,Cancel,177457743,,,,G
4.969484,0,Cancel,177468935,,,,G
4.969538,0,Insert,177469311,B,1000,1461,G
4.969788,0,Cancel,177460447,,,,G
4.969839,0,Cancel,177460607,,,,G
4.969865,0,Cancel,177460451,,,,G
4.970499,0,Insert,177469487,A,750,1469,G
4.970524,0,Insert,177469499,B,1000,1024,G
4.970535,0,Cancel,177468879,,,,G
4.970546,0,Insert,177469519,A,8000,1468,G
4.970579,0,Insert,177469523,A,3000,1471,G
4.970594,0,Cancel,177460639,,,,G
4.970606,0,Insert,177469547,A,400,1468,G
4.970632,0,Cancel,177460603,,,,G
4.970632,0,Cancel,177469195,,,,G
4.970632,0,Insert,177469559,A,2000,1814,G
4.97076,0,Cancel,177463167,,,,G
4.970789,0,Cancel,177468483,,,,G
4.970904,0,Cancel,177460783,,,,G
4.970933,0,Cancel,177460787,,,,G
4.970968,0,Cancel,177460595,,,,G
4.970995,0,Insert,177469627,B,2000,1457,G
4.975716,0,Cancel,177469519,,,,G
4.97573,0,Insert,177469919,B,1000,1466,G
4.97577,0,Cancel,177469547,,,,G
4.975773,0,Insert,177469923,B,1000,1464,G
4.975782,0,Cancel,177469487,,,,G
4.975918,0,Insert,177469935,A,2000,1478,G
4.975937,0,Insert,177469939,B,1000,1467,G
4.975966,0,Insert,177469943,B,1000,1467,G
4.975973,0,Insert,177469947,B,3000,1465,G
4.975973,0,Cancel,177460795,,,,G
4.976015,0,Insert,177469955,A,1000,1472,G
4.976039,0,Insert,177469959,B,2000,1467,G
4.976039,0,Cancel,177469627,,,,G
4.976041,0,Insert,177469963,A,1000,1469,G
4.976172,0,Cancel,177469559,,,,G
4.976172,0,Insert,177469975,A,2000,1815,G
4.97876,0,Insert,177470007,A,8000,1468,G
4.978763,0,Insert,177470011,A,750,1469,G
4.978791,0,Cancel,177469943,,,,G
4.9788,0,Cancel,177469939,,,,G
4.978837,0,Cancel,177469975,,,,G
4.978837,0,Insert,177470031,A,2000,1814,G
4.978895,0,Cancel,177469955,,,,G
4.978923,0,Cancel,177469935,,,,G
4.978977,0,Cancel,177469923,,,,G
4.983563,0,Cancel,177470011,,,,G
4.983706,0,Cancel,177470007,,,,G
4.983776,0,Insert,177470171,A,2000,1478,G
4.98386,0,Insert,177470179,B,1000,1464,G
4.983937,0,Insert,177470183,B,1000,1467,G
4.983964,0,Insert,177470187,B,1000,1467,G
4.983989,0,Insert,177470195,A,1000,1472,G
4.984196,0,Cancel,177470031,,,,G
4.984196,0,Insert,177470215,A,2000,1815,G
4.988885,0,Insert,177470331,A,8000,1468,G
4.988892,0,Insert,177470339,A,1000,1469,G
4.988919,0,Cancel,177470187,,,,G
4.988923,0,Cancel,177470183,,,,G
4.988965,0,Cancel,177470215,,,,G
4.988965,0,Insert,177470355,A,2000,1814,G
4.989007,0,Cancel,177470195,,,,G
4.989033,0,Cancel,177470171,,,,G
4.98919,0,Cancel,177470179,,,,G
4.993893,0,Insert,177470467,A,1000,1468,G
4.996785,1,Cancel,7028094,,,,
4.996785,1,Cancel,7028095,,,,
4.996785,1,Insert,7028096,A,10000,1474,G
4.996785,1,Insert,7028097,B,10000,1462,G
5.005273,0,Insert,177470659,A,1000,1473,G
5.016192,0,Cancel,177465423,,,,G
5.016215,0,Cancel,177465427,,,,G
5.016349,0,Insert,177470743,A,1000,1469,G
5.016373,0,Insert,177470747,A,1000,1765,G
5.016381,0,Cancel,177469159,,,,G
5.017477,0,Cancel,177470743,,,,G
5.032424,0,Cancel,177454007,,,,G
5.032435,0,Insert,177471135,B,1000,1452,G
5.046641,0,Cancel,177470331,,,,G
5.046702,0,Insert,177471395,A,400,1468,G
5.046873,0,Insert,177471403,B,1000,1464,G
5.062463,0,Insert,177471763,A,1000,1484,G
5.117634,0,Insert,177472879,A,1000,1469,G
5.117658,0,Cancel,177469499,,,,G
5.117661,0,Cancel,177471403,,,,G
5.117789,0,Cancel,177471763,,,,G
5.117816,0,Insert,177472887,B,1000,1023,G
5.118026,0,Insert,177472927,A,8000,1468,G
5.118313,0,Cancel,177472879,,,,G
5.129105,0,Cancel,177472927,,,,G
5.12991,0,Insert,177473147,A,8000,1468,G
5.130019,0,Insert,177473167,A,1000,1469,G
5.130144,0,Cancel,177473167,,,,G
5.135863,0,Cancel,177473147,,,,G
5.144133,0,Insert,177473331,B,1000,1464,G
5.144469,0,Cancel,177469919,,,,G
5.144812,0,Cancel,177469139,,,,G
5.144868,0,Insert,177473475,B,1000,1467,G
5.145004,0,Insert,177473523,B,1000,1467,G
5.145051,0,Cancel,177469963,,,,G
5.145447,0,Insert,177473743,B,1000,1467,G
5.145522,0,Cancel,177471395,,,,G
5.14554,0,Cancel,177471135,,,,G
5.145626,0,Insert,177473823,A,400,1469,G
5.14595,0,Insert,177473923,B,1000,1464,G
5.152877,0,Insert,177474399,B,1000,1467,G
5.152891,0,Insert,177474411,B,1000,1467,G
5.152913,0,Insert,177474419,B,1000,1467,G
5.15292,0,Insert,177474431,B,1000,1465,G
5.152945,0,Cancel,177474399,,,,G
5.153527,0,Cancel,177468807,,,,G
5.156083,0,Cancel,177474431,,,,G
5.160594,0,Insert,177474951,A,1000,1470,G
5.160622,0,Cancel,177474411,,,,G
5.161262,0,Cancel,177470339,,,,G
5.161262,0,Insert,177475023,B,8000,1467,G
5.161303,0,Cancel,177474951,,,,G
5.161683,0,Insert,177475139,B,750,1467,G
5.161688,0,Cancel,177469523,,,,G
5.161762,0,Insert,177475195,B,1000,1467,G
5.161789,0,Insert,177475215,B,1000,1467,G
5.161885,0,Insert,177475267,B,1000,1465,G
5.161902,0,Cancel,177470659,,,,G
5.161996,0,Insert,4045052,B,1000,1468,F
5.162008,0,Cancel,177453963,,,,G
5.16202,0,Insert,177475343,B,1000,1467,G
5.16202,0,Insert,177475347,B,1000,1467,G
5.162022,0,Insert,177475351,B,200,1467,G
5.162033,0,Insert,177475359,A,2000,1471,G
5.162037,0,Insert,177475367,A,2000,1478,G
5.162055,0,Insert,177475395,B,2000,1467,G
5.16206,0,Cancel,177473823,,,,G
5.162114,0,Insert,177475507,B,130,1467,G
5.16212,0,Cancel,177455003,,,,G
5.16212,0,Insert,177475527,A,1000,1470,G
5.162131,0,Insert,177475539,A,400,1470,G
5.162141,0,Cancel,177469311,,,,G
5.162146,0,Insert,177475567,B,1000,1468,G
5.162159,0,Insert,177475595,A,1000,1472,G
5.162159,0,Cancel,177456347,,,,G
5.162159,0,Insert,177475599,A,2000,1479,G
5.162162,0,Insert,177475603,B,2000,1468,G
5.162168,0,Cancel,177475343,,,,G
5.162168,0,Insert,177475619,B,1000,1468,G
5.162168,0,Cancel,177475347,,,,G
5.162168,0,Insert,177475623,B,1000,1468,G
5.162168,0,Cancel,177475395,,,,G
5.162168,0,Insert,177475627,B,2000,1468,G
5.162182,0,Insert,177475655,B,3000,1466,G
5.162182,0,Cancel,177469947,,,,G
5.162215,0,Cancel,177475627,,,,G
5.162236,0,Insert,177475719,B,1000,1468,G
5.162245,0,Insert,177475731,A,1000,1473,G
5.162271,0,Cancel,177469083,,,,G
5.162271,0,Insert,177475751,B,2000,1128,G
5.162306,0,Cancel,177455287,,,,G
5.162308,0,Insert,177475771,B,1000,1468,G
5.162326,0,Cancel,177470355,,,,G
5.162326,0,Insert,177475787,A,2000,1816,G
5.162374,0,Cancel,177475771,,,,G
5.162393,0,Insert,177475903,B,1000,1468,G
5.162455,0,Insert,177476011,B,1000,1466,G
5.162887,0,Cancel,177476011,,,,G
5.162984,0,Cancel,177475751,,,,G
5.162984,0,Insert,177476359,B,2000,1129,G
5.163236,0,Insert,177476475,B,1000,1466,G
5.163285,0,Cancel,177475623,,,,G
5.163352,0,Cancel,177450067,,,,G
5.16372,0,Insert,177476619,B,8000,1468,G
5.163732,0,Cancel,177452419,,,,G
5.163953,0,Cancel,177476359,,,,G
5.163953,0,Insert,177476791,B,2000,1128,G
5.164016,0,Cancel,177476475,,,,G
5.164208,0,Insert,177476879,B,1000,1462,G
5.165077,0,Cancel,177475619,,,,G
5.166119,0,Cancel,177475507,,,,G
5.166138,0,Cancel,177459511,,,,G
5.166139,0,Cancel,177475351,,,,G
5.167334,0,Insert,177478079,A,1000,1520,G
5.169951,0,Cancel,177476619,,,,G
5.16999,0,Insert,177478463,B,1000,1468,G
5.17037,0,Insert,177478507,B,8000,1468,G
5.170861,0,Cancel,177476879,,,,G
5.171549,0,Insert,177478943,B,1000,1466,G
5.171857,0,Cancel,177478943,,,,G
5.171891,0,Insert,177479023,B,1000,1467,G
5.172144,0,Cancel,177476791,,,,G
5.172144,0,Insert,177479067,B,2000,1129,G
5.173201,0,Cancel,177479067,,,,G
5.173201,0,Insert,177479179,B,2000,1128,G
5.182926,0,Cancel,177475215,,,,G
5.182931,0,Insert,177479591,B,1000,1468,G
5.182962,0,Insert,177479603,A,1000,1471,G
5.183101,0,Insert,177479639,B,1000,1462,G
5.183112,0,Cancel,177436491,,,,G
5.183166,0,Cancel,177475539,,,,G
5.183225,0,Insert,177479671,A,400,1471,G
5.183611,0,Insert,177479695,B,1000,1466,G
5.183647,0,Cancel,177473743,,,,G
5.183904,0,Cancel,177479695,,,,G
5.193442,0,Cancel,177478463,,,,G
5.196774,0,Insert,177480907,A,1000,1471,G
5.196774,0,Insert,177480911,A,8000,1470,G
5.197085,0,Cancel,177479671,,,,G
5.197133,0,Cancel,177478507,,,,G
5.200986,0,Insert,177481147,B,8000,1468,G
5.204998,0,Cancel,177479591,,,,G
5.205058,0,Insert,177481495,A,400,1470,G
5.205086,0,Cancel,177481147,,,,G
5.205842,0,Cancel,177475567,,,,G
5.206046,0,Insert,177481551,B,1000,1468,G
5.211244,0,Insert,177481691,B,8000,1468,G
5.296282,1,Cancel,7028096,,,,
5.296282,1,Cancel,7028097,,,,
5.296282,1,Insert,7028098,A,10000,1475,G
5.296282,1,Insert,7028099,B,10000,1463,G
5.310656,0,Cancel,177480907,,,,G
5.311115,0,Cancel,177480911,,,,G
5.311188,0,Cancel,177481495,,,,G
5.311245,0,Insert,177483887,A,400,1471,G
5.311499,0,Insert,177483919,B,1000,1466,G
5.311792,0,Cancel,177483919,,,,G
5.320354,0,Insert,177484195,B,1000,1468,G
5.32093,0,Cancel,177475527,,,,G
5.320958,0,Insert,177484323,A,1000,1474,G
5.32096,0,Insert,177484331,A,2000,1480,G
5.320994,0,Insert,177484335,A,1000,1471,G
5.321008,0,Cancel,177475787,,,,G
5.321008,0,Insert,177484339,A,2000,1817,G
5.321019,0,Insert,177484343,A,1000,1471,G
5.321021,0,Insert,177484347,A,1000,1471,G
5.324881,0,Insert,177484531,B,750,1468,G
5.32493,0,Insert,177484535,B,1000,1468,G
5.324941,0,Insert,177484543,B,8000,1468,G
5.324959,0,Insert,177484551,A,1000,1472,G
5.325292,0,Cancel,177479639,,,,G
5.325305,0,Insert,177484587,B,2000,1469,G
5.325327,0,Cancel,177484543,,,,G
5.325338,0,Insert,177484595,B,3000,1467,G
5.32534,0,Cancel,177475655,,,,G
5.325356,0,Cancel,177431451,,,,G
5.325377,0,Cancel,177479179,,,,G
5.325377,0,Insert,177484603,B,2000,1129,G
5.326137,0,Insert,177484627,B,1000,1466,G
5.33622,0,Insert,177485111,B,2000,1469,G
5.336251,0,Insert,177485119,B,1000,1469,G
5.336279,0,Insert,177485127,B,1000,1469,G
5.336459,0,Cancel,177484343,,,,G
5.33657,0,Cancel,177431267,,,,G
5.336601,0,Cancel,177484347,,,,G
5.337188,0,Cancel,177458739,,,,G
5.337536,0,Insert,177485299,B,1000,1468,G
5.339697,0,Insert,177485363,B,8000,1469,G
5.339724,0,Insert,177485367,B,1000,1469,G
5.34111,0,Cancel,177485119,,,,G
5.341374,0,Cancel,177485367,,,,G
5.344233,0,Cancel,177485111,,,,G
5.344233,0,Insert,177485435,B,1000,1469,G
5.34424,0,Cancel,177485363,,,,G
5.354951,0,Cancel,177455059,,,,G
5.366452,0,Insert,177487567,B,1000,1469,G
5.366947,0,Insert,177487671,B,8000,1469,G
5.369786,0,Insert,177488667,B,1000,1465,G
5.37431,0,Cancel,177475595,,,,G
5.375735,0,Insert,177489107,A,1000,1472,G
5.375885,0,Cancel,177487671,,,,G
5.376309,0,Insert,177489339,B,8000,1469,G
5.376335,0,Cancel,177489107,,,,G
5.376564,0,Cancel,177475359,,,,G
5.376564,0,Cancel,177479603,,,,G
5.376568,0,Cancel,177484195,,,,G
5.376627,0,Insert,177489659,A,1000,1472,G
5.377089,0,Insert,177490287,B,1000,1469,G
5.377373,0,Insert,177490455,B,8000,1469,G
5.377403,0,Cancel,177484335,,,,G
5.377545,0,Cancel,177415359,,,,G
5.377559,0,Cancel,177490455,,,,G
5.377572,0,Cancel,177393819,,,,G
5.377608,0,Insert,177490767,B,750,1469,G
5.377651,0,Insert,177490819,B,1000,1463,G
5.377704,0,Cancel,177490819,,,,G
5.377743,0,Insert,177490887,B,1000,1467,G
5.377808,0,Cancel,177484603,,,,G
5.377808,0,Insert,177490927,B,2000,1130,G
5.377808,0,Insert,177490935,B,1000,1470,G
5.37784,0,Insert,177490943,B,3000,1468,G
5.377843,0,Cancel,177484595,,,,G
5.377851,0,Insert,177490955,B,2000,1470,G
5.377886,0,Cancel,177415083,,,,G
5.377904,0,Cancel,177483887,,,,G
5.377965,0,Insert,177491107,A,1000,1475,G
5.377968,0,Insert,177491119,B,1000,1470,G
5.378036,0,Insert,177491199,A,2000,1481,G
5.378159,0,Cancel,177484339,,,,G
5.378159,0,Insert,177491363,A,2000,1818,G
5.378218,0,Insert,177491427,B,1000,1470,G
5.378307,0,Insert,177491559,A,1000,1471,G
5.378348,0,Cancel,177491199,,,,G
5.378348,0,Insert,177491631,A,3000,1474,G
5.378367,0,Insert,177491667,A,400,1472,G
5.378399,0,Cancel,177491107,,,,G
5.378399,0,Cancel,177491427,,,,G
5.378534,0,Cancel,177491363,,,,G
5.378534,0,Insert,177491831,A,2000,1817,G
5.378649,0,Cancel,177491119,,,,G
5.37919,0,Cancel,177491667,,,,G
5.37967,0,Cancel,177453675,,,,G
5.380618,0,Cancel,177458779,,,,G
5.380674,0,Insert,177493527,A,1000,1484,G
5.382429,0,Cancel,177458767,,,,G
5.383116,0,Insert,177494351,B,1000,1470,G
5.383232,0,Cancel,177494351,,,,G
5.383261,0,Cancel,177491559,,,,G
5.383313,0,Insert,177494471,A,1000,1475,G
5.383313,0,Insert,177494479,B,1000,1470,G
5.38332,0,Insert,177494487,A,1000,1472,G
5.383346,0,Insert,177494499,A,2000,1481,G
5.38336,0,Cancel,177491831,,,,G
5.38336,0,Insert,177494511,A,2000,1818,G
5.383468,0,Cancel,177389723,,,,G
5.383473,0,Cancel,177484551,,,,G
5.383473,0,Cancel,177491631,,,,G
5.383476,0,Cancel,177489659,,,,G
5.383522,0,Insert,177494595,B,8000,1470,G
5.383522,0,Cancel,177459891,,,,G
5.383524,0,Insert,177494599,B,1000,1470,G
5.383567,0,Cancel,177494487,,,,G
5.383624,0,Insert,177494675,A,400,1473,G
5.38415,0,Cancel,177378191,,,,G
5.384188,0,Cancel,177490927,,,,G
5.384188,0,Insert,177495075,B,2000,1131,G
5.384278,0,Insert,177495127,B,1000,1464,G
5.384686,0,Cancel,177495075,,,,G
5.384686,0,Insert,177495403,B,2000,1130,G
5.38471,0,Cancel,177495127,,,,G
5.384958,0,Insert,177495499,B,1000,1464,G
5.386037,0,Cancel,177458775,,,,G
5.388273,0,Cancel,177478079,,,,G
5.388922,0,Insert,177496343,A,1000,1522,G
5.389514,0,Cancel,177475731,,,,G
5.389697,0,Insert,177496423,A,3000,1473,G
5.391729,0,Insert,177496863,A,1000,1473,G
5.391817,0,Cancel,177494595,,,,G
5.403992,0,Cancel,177496863,,,,G
5.404927,0,Insert,177498671,A,1000,1473,G
5.421998,0,Cancel,177498671,,,,G
5.447327,0,Insert,177501511,B,8000,1470,G
5.447331,0,Insert,177501515,A,8000,1474,G
5.44735,0,Insert,177501527,B,760,1470,G
5.447441,0,Cancel,177501527,,,,G
5.447878,0,Cancel,177490287,,,,G
5.447885,0,Insert,177501747,B,1000,1470,G
5.447991,0,Cancel,177495499,,,,G
5.44802,0,Insert,177501847,B,1000,1456,G
5.448094,0,Cancel,177495403,,,,G
5.448094,0,Insert,177501975,B,2000,1131,G
5.448894,0,Insert,177502407,B,2000,1471,G
5.448954,0,Insert,177502411,A,400,1472,G
5.448974,0,Cancel,177494675,,,,G
5.448981,0,Cancel,177377927,,,,G
5.449371,0,Cancel,177502407,,,,G
5.449406,0,Insert,177502563,B,2000,1461,G
5.450976,0,Cancel,177501975,,,,G
5.450976,0,Insert,177503099,B,2000,1130,G
5.451351,0,Insert,177503263,B,1000,1464,G
5.463339,0,Cancel,177501747,,,,G
5.463397,0,Cancel,177502411,,,,G
5.463434,0,Insert,177504463,A,1000,1487,G
5.463529,0,Insert,177504471,A,1000,1473,G
5.463627,0,Cancel,177501511,,,,G
5.475024,0,Insert,177504975,A,8000,1472,G
5.475233,0,Cancel,177504471,,,,G
5.47533,0,Insert,177505007,B,8000,1470,G
5.483298,0,Amend,177490955,,-1000,,G
5.484359,0,Cancel,177505007,,,,G
5.484359,0,Cancel,177504975,,,,G
5.484386,0,Insert,177505359,A,1000,1473,G
5.484414,0,Insert,177505367,A,400,1472,G
5.492423,0,Insert,177505843,A,8000,1472,G
5.492468,0,Cancel,177494479,,,,G
5.493006,0,Cancel,177501847,,,,G
5.493073,0,Cancel,177490887,,,,G
5.542421,0,Insert,177507247,B,1000,1455,G
5.543877,0,Cancel,177494599,,,,G
5.555328,0,Cancel,177490767,,,,G
5.555329,0,Insert,177507419,A,760,1472,G
5.555354,0,Cancel,177490935,,,,G
5.555359,0,Insert,177507427,A,1000,1472,G
5.555365,0,Insert,177507431,A,1000,1472,G
5.555388,0,Cancel,177490955,,,,G
5.555425,0,Insert,177507439,A,1000,1475,G
5.555729,0,Insert,177507451,A,1000,1472,G
5.555733,0,Insert,177507455,B,2000,1460,G
5.560668,0,Insert,177507599,B,1000,1469,G
5.561277,0,Cancel,177507451,,,,G
5.561452,0,Cancel,177503099,,,,G
5.561452,0,Insert,177507683,B,2000,1129,G
5.56173,0,Insert,177507763,B,1000,1463,G
5.563495,0,Cancel,177496423,,,,G
5.563497,0,Insert,177507895,A,8000,1471,G
5.563504,0,Insert,177507903,A,1000,1472,G
5.563532,0,Insert,177507919,A,2000,1472,G
5.563538,0,Insert,177507923,A,3000,1474,G
5.563561,0,Insert,177507943,A,400,1471,G
5.563577,0,Cancel,177494511,,,,G
5.563577,0,Insert,177507947,A,2000,1817,G
5.563577,0,Cancel,177505367,,,,G
5.563602,0,Cancel,177494471,,,,G
5.563604,0,Cancel,177494499,,,,G
5.563895,0,Cancel,177485435,,,,G
5.563915,0,Cancel,177489339,,,,G
5.563977,0,Cancel,177490943,,,,G
5.564219,0,Cancel,177507599,,,,G
5.564339,0,Insert,177508171,A,2000,1473,G
5.564347,0,Insert,177508179,A,1000,1474,G
5.564482,0,Cancel,177504463,,,,G
5.564484,0,Insert,177508255,A,1000,1486,G
5.564606,0,Cancel,177484627,,,,G
5.564821,0,Cancel,177485127,,,,G
5.564833,0,Cancel,177487567,,,,G
5.564881,0,Cancel,177481691,,,,G
5.564893,0,Insert,177508531,A,1000,1471,G
5.564929,0,Insert,177508563,A,1000,1471,G
5.565011,0,Cancel,177507247,,,,G
5.565022,0,Insert,177508615,A,1000,1474,G
5.565228,0,Cancel,177484587,,,,G
5.565261,0,Insert,177508811,A,1000,1471,G
5.565307,0,Insert,177508847,B,2000,1459,G
5.565392,0,Cancel,177484531,,,,G
5.565392,0,Insert,177508939,A,760,1471,G
5.565395,0,Cancel,177508615,,,,G
5.565467,0,Cancel,177508939,,,,G
5.565478,0,Insert,177509011,B,1000,1466,G
5.565478,0,Insert,177509015,B,760,1468,G
5.565512,0,Cancel,177488667,,,,G
5.565565,0,Cancel,177509015,,,,G
5.565573,0,Insert,177509135,A,760,1471,G
5.565766,0,Cancel,177509011,,,,G
5.565819,0,Insert,177509247,A,1000,1474,G
5.565958,0,Cancel,177485299,,,,G
5.566165,0,Cancel,177507919,,,,G
5.56617,0,Insert,177509383,A,8000,1470,G
5.566203,0,Insert,177509403,A,3000,1472,G
5.566203,0,Cancel,177507923,,,,G
5.566209,0,Cancel,177484331,,,,G
5.566221,0,Cancel,177484323,,,,G
5.566221,0,Insert,177509411,A,1000,1471,G
5.566273,0,Cancel,177507947,,,,G
5.566273,0,Insert,177509455,A,2000,1816,G
5.566306,0,Insert,177509459,B,1000,1467,G
5.566315,0,Cancel,177509247,,,,G
5.566458,0,Insert,177509551,A,400,1470,G
5.566492,0,Cancel,177484535,,,,G
5.56663,0,Cancel,177507943,,,,G
5.566689,0,Cancel,177507683,,,,G
5.566689,0,Insert,177509631,B,2000,1128,G
5.566902,0,Insert,177509699,B,1000,1462,G
5.567094,0,Cancel,177475267,,,,G
5.567664,0,Insert,177509899,B,1000,1465,G
5.569572,0,Cancel,177496343,,,,G
5.570492,0,Insert,177510263,A,1000,1520,G
5.571573,0,Cancel,177508531,,,,G
5.571576,0,Insert,177510299,A,1000,1470,G
5.572866,0,Cancel,177508255,,,,G
5.572875,0,Insert,177510363,A,1000,1485,G
5.574944,0,Cancel,177509411,,,,G
5.574953,0,Cancel,177509383,,,,G
5.575008,0,Cancel,177509551,,,,G
5.575062,0,Cancel,177509403,,,,G
5.575322,0,Cancel,177510299,,,,G
5.575389,0,Cancel,177510363,,,,G
5.575397,0,Insert,177510619,A,1000,1471,G
5.575408,0,Insert,177510627,A,2000,1480,G
5.575539,0,Insert,177510635,A,1000,1474,G
5.575768,0,Cancel,177509455,,,,G
5.575768,0,Insert,177510651,A,2000,1817,G
5.577037,0,Insert,177510719,A,8000,1470,G
5.577041,0,Insert,177510727,A,1000,1471,G
5.577077,0,Insert,177510739,A,3000,1472,G
5.577119,0,Cancel,177510651,,,,G
5.577119,0,Insert,177510743,A,2000,1816,G
5.577147,0,Cancel,177510635,,,,G
5.577166,0,Cancel,177510627,,,,G
5.583149,0,Cancel,177510619,,,,G
5.583149,0,Cancel,177510727,,,,G
5.583153,0,Insert,177510983,A,2000,1471,G
5.583158,0,Insert,177510987,A,1000,1470,G
5.586141,0,Cancel,177510719,,,,G
5.586146,0,Insert,177511055,B,8000,1468,G
5.586156,0,Insert,177511059,B,1000,1468,G
5.586195,0,Insert,177511063,B,1000,1454,G
5.586215,0,Cancel,177510739,,,,G
5.586402,0,Insert,177511075,B,1000,1468,G
5.586908,0,Cancel,177511075,,,,G
5.586964,0,Insert,177511099,A,400,1471,G
5.60347,1,Cancel,7028098,,,,
5.60347,1,Cancel,7028099,,,,
5.60347,1,Insert,7028100,A,10000,1475,G
5.60347,1,Insert,7028101,B,10000,1463,G
5.625976,0,Insert,177511811,A,1000,1471,G
5.63296,1,Insert,5006890,B,84,1470,G
5.660854,0,Insert,177512811,A,8000,1470,G
5.660858,0,Insert,177512815,A,1000,1471,G
5.66088,0,Cancel,177470747,,,,G
5.660886,0,Insert,177512831,A,1000,1485,G
5.660926,0,Cancel,177511059,,,,G
5.661199,0,Insert,177512879,A,400,1470,G
5.661201,0,Cancel,177511063,,,,G
5.661213,0,Cancel,177511099,,,,G
5.66948,0,Insert,177513247,A,1000,1470,G
5.692422,0,Insert,177513547,B,1000,1453,G
5.692447,0,Insert,177513551,A,1000,1767,G
5.695347,0,Cancel,177511055,,,,G
5.695594,0,Cancel,177475719,,,,G
5.695618,0,Cancel,177481551,,,,G
5.695892,0,Cancel,177475903,,,,G
5.696104,0,Cancel,177475603,,,,G
5.696135,0,Insert,177513671,A,1000,1471,G
5.696154,0,Cancel,177509899,,,,G
5.696251,0,Insert,177513687,B,2000,1458,G
5.696684,0,Insert,177513751,B,1000,1467,G
5.696988,0,Insert,177513767,A,1000,1476,G
5.713653,0,Insert,177514171,B,1000,1465,G
5.714169,0,Cancel,177479023,,,,G
5.715355,0,Cancel,177514171,,,,G
5.717376,0,Insert,177514307,B,1000,1465,G
5.722447,0,Cancel,177510987,,,,G
5.722576,0,Insert,177514439,A,1000,1470,G
5.722639,0,Cancel,177510983,,,,G
5.722639,0,Cancel,177513671,,,,G
5.722639,0,Cancel,177512815,,,,G
5.72265,0,Cancel,177475023,,,,G
5.722677,0,Insert,177514455,A,1000,1470,G
5.722814,0,Cancel,177509459,,,,G
5.722859,0,Insert,177514503,A,1000,1470,G
5.722924,0,Cancel,177514307,,,,G
5.723165,0,Insert,177514539,B,1000,1466,G
5.724463,0,Insert,177514611,B,8000,1467,G
5.724753,0,Cancel,177509631,,,,G
5.724753,0,Insert,177514639,B,2000,1127,G
5.724757,0,Insert,177514643,B,1000,1465,G
5.724894,0,Cancel,177514503,,,,G
5.724996,0,Cancel,177514639,,,,G
5.724996,0,Insert,177514675,B,2000,1128,G
5.725175,0,Insert,177514699,B,1000,1468,G
5.725206,0,Insert,177514703,B,3000,1466,G
5.725987,0,Cancel,177513687,,,,G
5.72599,0,Insert,177514763,B,2000,1468,G
5.726017,0,Insert,177514767,B,1000,1468,G
5.726047,0,Insert,177514771,B,1000,1468,G
5.726911,0,Insert,177514795,B,1000,1468,G
5.726945,0,Insert,177514799,B,8000,1468,G
5.731042,0,Cancel,177514699,,,,G
5.731118,0,Insert,177514863,B,1000,1468,G
5.73124,0,Cancel,177514799,,,,G
5.731321,0,Cancel,177514863,,,,G
5.732514,0,Cancel,177514771,,,,G
5.732527,0,Cancel,177514767,,,,G
5.743643,0,Cancel,177514643,,,,G
5.743685,0,Insert,177515027,B,1000,1465,G
5.755347,0,Insert,177515267,B,500,1460,G
5.86059,0,Insert,177517607,B,1000,1468,G
5.868686,0,Insert,177517827,B,8000,1468,G
5.868696,0,Cancel,177513751,,,,G
5.868707,0,Insert,177517839,B,1000,1468,G
5.868722,0,Insert,177517847,A,2000,1471,G
5.868722,0,Insert,177517851,B,1000,1468,G
5.869459,0,Cancel,177511811,,,,G
5.869543,0,Cancel,177513247,,,,G
5.869677,0,Insert,177518031,A,1000,1471,G
5.869888,0,Cancel,177509135,,,,G
5.869888,0,Insert,177518075,B,770,1468,G
5.8699,0,Cancel,177514455,,,,G
5.8699,0,Cancel,177512811,,,,G
5.869936,0,Cancel,177518031,,,,G
5.869975,0,Cancel,177512879,,,,G
5.870036,0,Insert,177518115,A,400,1471,G
5.870421,0,Insert,177518271,B,1000,1466,G
5.870477,0,Cancel,177513547,,,,G
5.870689,0,Insert,177518359,A,1000,1471,G
5.8707,0,Cancel,177514675,,,,G
5.8707,0,Insert,177518371,B,2000,1129,G
5.870717,0,Cancel,177518271,,,,G
5.87093,0,Cancel,177518359,,,,G
5.870932,0,Cancel,177509699,,,,G
5.872506,0,Insert,177518727,B,1000,1467,G
5.873635,0,Cancel,177514439,,,,G
5.87366,0,Insert,177518775,A,1000,1474,G
5.873665,0,Insert,177518787,A,2000,1480,G
5.873695,0,Insert,177518803,A,1000,1471,G
5.873703,0,Insert,177518807,B,1000,1466,G
5.873708,0,Insert,177518811,B,8000,1469,G
5.873717,0,Cancel,177510743,,,,G
5.873717,0,Insert,177518815,A,2000,1817,G
5.873741,0,Insert,177518831,B,1000,1469,G
5.873745,0,Insert,177518835,B,3000,1467,G
5.873746,0,Cancel,177514703,,,,G
5.873783,0,Cancel,177508847,,,,G
5.873982,0,Cancel,177508811,,,,G
5.874071,0,Insert,177518967,B,1000,1469,G
5.87421,0,Cancel,177508171,,,,G
5.874221,0,Cancel,177518803,,,,G
5.874221,0,Cancel,177507895,,,,G
5.874299,0,Cancel,177508563,,,,G
5.87439,0,Cancel,177507419,,,,G
5.874395,0,Insert,177519123,B,770,1469,G
5.874426,0,Cancel,177512831,,,,G
5.874426,0,Cancel,177507903,,,,G
5.874449,0,Insert,177519171,B,1000,1469,G
5.874509,0,Insert,177519191,B,1000,1469,G
5.874657,0,Cancel,177518115,,,,G
5.874749,0,Cancel,177517847,,,,G
5.874814,0,Insert,177519367,A,2000,1481,G
5.874844,0,Cancel,177518371,,,,G
5.874844,0,Insert,177519371,B,2000,1130,G
5.874866,0,Cancel,177507439,,,,G
5.874959,0,Insert,177519431,A,400,1472,G
5.875063,0,Insert,177519483,A,1000,1475,G
5.875066,0,Cancel,177507763,,,,G
5.875152,0,Cancel,177519371,,,,G
5.875152,0,Insert,177519515,B,2000,1129,G
5.875207,0,Cancel,177519515,,,,G
5.875207,0,Insert,177519543,B,2000,1130,G
5.875219,0,Cancel,177518815,,,,G
5.875219,0,Insert,177519547,A,2000,1818,G
5.875265,0,Cancel,177519543,,,,G
5.875265,0,Insert,177519595,B,2000,1129,G
5.875405,0,Cancel,177519595,,,,G
5.875405,0,Insert,177519687,B,2000,1130,G
5.875459,0,Cancel,177519687,,,,G
5.875459,0,Insert,177519763,B,2000,1129,G
5.875517,0,Insert,177519803,B,1000,1463,G
5.875648,0,Insert,177519875,A,1000,1472,G
5.875675,0,Cancel,177513767,,,,G
5.875875,0,Cancel,177519875,,,,G
5.875982,0,Insert,177519951,A,1000,1472,G
5.877702,0,Cancel,177518811,,,,G
5.878236,0,Insert,177520263,A,8000,1472,G
5.878236,0,Cancel,177519123,,,,G
5.878238,0,Insert,177520267,A,770,1472,G
5.878433,0,Insert,177520295,A,1000,1475,G
5.878529,0,Cancel,177518967,,,,G
5.878565,0,Insert,177520315,A,8000,1472,G
5.878592,0,Insert,177520331,A,2000,1473,G
5.878679,0,Cancel,177518807,,,,G
5.878861,0,Cancel,177519171,,,,G
5.87896,0,Cancel,177520263,,,,G
5.879228,0,Insert,177520515,B,1000,1466,G
5.879883,0,Cancel,177517827,,,,G
5.879887,0,Insert,177520671,A,1000,1472,G
5.879925,0,Cancel,177520515,,,,G
5.879943,0,Cancel,177518835,,,,G
5.879948,0,Insert,177520683,A,8000,1471,G
5.879954,0,Cancel,177519191,,,,G
5.87997,0,Insert,177520695,A,3000,1472,G
5.879985,0,Insert,177520719,A,1000,1471,G
5.879993,0,Cancel,177518831,,,,G
5.879996,0,Cancel,177519367,,,,G
5.880023,0,Cancel,177519431,,,,G
5.880028,0,Cancel,177519547,,,,G
5.880028,0,Insert,177520731,A,2000,1817,G
5.88003,0,Cancel,177519483,,,,G
5.880077,0,Insert,177520759,A,770,1471,G
5.880152,0,Cancel,177518075,,,,G
5.880166,0,Insert,177520795,B,2000,1459,G
5.880263,0,Insert,177520827,A,1000,1474,G
5.880307,0,Insert,177520859,A,1000,1471,G
5.880345,0,Cancel,177520759,,,,G
5.880351,0,Insert,177520867,B,770,1468,G
5.880391,0,Insert,177520887,B,1000,1466,G
5.880504,0,Cancel,177519763,,,,G
5.880504,0,Insert,177520943,B,2000,1128,G
5.880607,0,Cancel,177520859,,,,G
5.880627,0,Cancel,177520827,,,,G
5.880637,0,Cancel,177520867,,,,G
5.880642,0,Insert,177520975,A,770,1471,G
5.880713,0,Cancel,177520887,,,,G
5.880739,0,Cancel,177520975,,,,G
5.880739,0,Insert,177520991,B,770,1468,G
5.881422,0,Insert,177521099,B,1000,1468,G
5.881449,0,Insert,177521107,A,1000,1471,G
5.881924,0,Insert,177521167,B,1000,1462,G
5.882049,0,Cancel,177520991,,,,G
5.882149,0,Insert,177521179,A,1000,1474,G
5.882193,0,Cancel,177520683,,,,G
5.882194,0,Cancel,177520315,,,,G
5.882216,0,Insert,177521203,A,780,1471,G
5.882227,0,Insert,177521207,A,2000,1471,G
5.882244,0,Insert,177521235,A,1000,1471,G
5.882444,0,Cancel,177521179,,,,G
5.882652,0,Cancel,177521207,,,,G
5.882764,0,Insert,177521351,B,780,1468,G
5.88296,0,Cancel,177521203,,,,G
5.883077,0,Cancel,177521235,,,,G
5.883143,0,Cancel,177520695,,,,G
5.883147,0,Cancel,177521167,,,,G
5.88456,0,Insert,177521619,A,780,1471,G
5.88527,0,Insert,177521715,A,1000,1471,G
5.885328,0,Cancel,177521351,,,,G
5.885374,0,Insert,177521727,B,1000,1462,G
5.885432,0,Cancel,177521099,,,,G
5.887341,0,Insert,177522175,B,770,1468,G
5.887379,0,Insert,177522203,B,8000,1468,G
5.887382,0,Insert,177522215,B,1000,1468,G
5.890066,0,Insert,177522347,A,1000,1474,G
5.890151,0,Cancel,177522175,,,,G
5.890214,0,Cancel,177522203,,,,G
5.890474,0,Insert,177522447,B,8000,1468,G
5.891005,0,Cancel,177522347,,,,G
5.896496,0,Insert,177522735,A,1000,1471,G
5.896947,0,Insert,177522767,A,8000,1471,G
5.897175,0,Insert,177522771,A,400,1471,G
5.898175,0,Cancel,177521619,,,,G
5.898596,0,Insert,177522799,A,1000,1474,G
5.901441,1,Cancel,7028100,,,,
5.901441,1,Cancel,7028101,,,,
5.901441,1,Insert,7028102,A,10000,1476,G
5.901441,1,Insert,7028103,B,10000,1464,G
5.903106,0,Cancel,177522799,,,,G
5.917704,0,Cancel,177522215,,,,G
5.917719,0,Insert,177523707,B,780,1468,G
5.917734,0,Insert,177523711,A,2000,1472,G
5.917764,0,Insert,177523715,A,1000,1485,G
5.922091,0,Cancel,177521727,,,,G
5.922102,0,Cancel,177520671,,,,G
5.922106,0,Cancel,177521715,,,,G
5.922303,0,Cancel,177520943,,,,G
5.922303,0,Insert,177523951,B,2000,1129,G
5.923907,0,Insert,177523975,B,1000,1468,G
5.926165,0,Insert,177524023,B,8000,1468,G
5.926192,0,Insert,177524035,B,1000,1469,G
5.926215,0,Cancel,177524023,,,,G
5.926223,0,Insert,177524039,B,3000,1467,G
5.926457,0,Cancel,177520795,,,,G
5.926459,0,Insert,177524055,B,2000,1469,G
5.931035,0,Cancel,177524055,,,,G
5.931065,0,Insert,177524111,A,1000,1471,G
5.931074,0,Cancel,177524035,,,,G
5.931179,0,Insert,177524119,B,2000,1459,G
5.931415,0,Cancel,177523951,,,,G
5.931415,0,Insert,177524131,B,2000,1128,G
5.93156,0,Insert,177524139,A,1000,1474,G
5.931583,0,Cancel,177523707,,,,G
5.93169,0,Insert,177524163,B,1000,1462,G
